3667 5650
486 837 536 918 28
777 854 1216 916 nnorrnrxor
1298 862 1301 867 ·

483 1006 571 1138 μιᾶν
591 1047 635 1102 τε
658 1003 729 1103 καὶ
709 994 994 1172 σρίσαντες·
1021 1005 1313 1116 ἦδέοτοιιαλία
1337 1009 1515 1180 τεμτνίν,

482 1141 721 1281 καθαπερ
668 1182 740 1241 ιναν
754 1181 837 1252 τοις
849 1142 993 1254 αλλοις
1007 1144 1176 1265 ἅτιασιν,
1197 1143 1517 1316 οἶονοὶνέσμασιν

482 1324 505 1393 η
483 1282 749 1411 θεοίμοισιν.
806 1286 887 1381 Δεῖ
906 1281 1032 1381 τοίνυν
1055 1284 1121 1381 τόν
1143 1284 1352 1381 earu
1305 1326 1371 1383 τον
1394 1284 1513 1381 ε’λεύ

445 1422 449 1461 ³
481 1421 599 1591 θεμον
633 1418 792 1591 μηδενός
812 1420 987 1548 μηδέ
934 1462 1007 1518 των
1030 1421 1164 1521 ἄλλων
1187 1424 1259 1520 τῶν
1286 1423 1514 1551 καλεομένων

408 1576 438 1659 .-ἱ
480 1558 699 1686 ἐγκυκλίων
711 1559 1069 1687 οταιὸενμοίτων
1016 1601 1114 1689 μητε
1130 1561 1285 1673 οἱνήαοον
1299 1561 1486 1690 μήτεε
1418 1562 1510 1660 0666

404 1706 435 1823 ξζ
480 1739 579 1797 ατον
594 1698 660 1829 {qiu
684 1697 799 1818 εἶναι,
826 1697 940 1795 οἱλλοῖ
963 1738 1097 1798 ταντα
1116 1699 1186 1830 μὲν
1210 1700 1253 1799 εἰν
1272 1702 1514 1873 σεμιδφομῆς

406 1824 432 1949 ’ἐξ
479 1837 676 1965 μαθεῖν,
649 1877 754 1935 ωστε
779 1837 814 1933 ci
831 1836 1036 1966 γεύματος
1047 1838 1190 1937 ‘666666
1210 1838 1308 1970 (ἐν’
1280 1874 1411 1937 ατιασι
1426 1877 1513 1976 γαρ

407 1940 431 2077 ii
480 2017 527 2072 το
548 1976 694 2080 τέλειον
716 1878 1010 2109 66666606)
960 2017 1029 2086 την
1061 1976 1103 2075 δὲ
1125 1977 1363 2101 φιλοσοφίαν
1398 2017 1510 2146 σμε-

409 2084 430 2242 i
480 2113 640 2213 σέειίειν.
700 2113 823 2240 ’Ἒχον
844 2114 886 2210 δὲ
921 2113 1023 2210 δι”
987 2114 1127 2224 εινίνος
1154 2117 1436 2285 σαμαςῆσαι
1444 2154 1514 2226 την

479 2252 633 2380 ἔμαντὲ
671 2249 836 2379 γνοίμννν.
897 2249 1073 2422 Ὠστιεφ
1110 2286 1194 2419 60⁶6
1229 2279 1513 2421 τσεμτλεοσαι

477 2391 560 2519 μὲν
582 2388 754 2559 τσολλας
786 2387 932 2501 στίλεις
969 2416 1108 2509 ναλον,
1147 2389 1342 2501 ἐνοινανσαι
1383 2388 1513 2486 δὲ
1460 2432 1514 2500 τη

477 2528 646 2699 κματίςφ
669 2526 914 2698 χμίνσιμον
922 2526 1086 2639 Ἀςείως
1101 2527 1234 2624 δὲ
1165 2567 1231 2626 ναι
1257 2526 1355 2625 Βίων
1364 2505 1515 2655 ’ἔλεγεν

479 2710 497 2764 ο
522 2667 753 2792 φιλοσοφος,
777 2663 859 2787 666,
886 2665 1091 2903 ὥστεφοῖ
1095 2668 1343 2806 μνηςῆφες
1305 2668 1354 2777 τῆ
1378 2685 1511 2777 Πηνε-

477 2803 578 2975 λίτμ
620 2803 865 2917 ττλησιοίζειν
899 2848 955 2935 μη
1020 2805 1197 2933 ννοίμενοι
1236 2810 1328 2915 ταῖς
1362 2804 1513 2975 ταύτης

477 2943 685 3073 ἐμίγνυντο
712 2940 1050 3078 θεματαίναις,”
1023 2986 1103 3040 eeu
1125 2983 1192 3042 και
1219 2948 1254 3040 οἱ
1268 2943 1513 3069 φιλοσοφίας

475 3124 531 3208 μη
511 3076 754 3206 δονοίμενοι
788 3115 1039 3207 ιιατατνχειν
1063 3080 1101 3175 ἔν
1126 3085 1208 3189 τοῖς
1229 3080 1372 3190 ἄλλοις
1393 3121 1509 3178 6666-

475 3357 559 3419 dium
573 3367 685 3420 tenere
719 3357 768 3421 Ac
784 3358 856 3421 dum
870 3357 967 3422 adhuc
1011 3371 1056 3420 tas
1066 3357 1191 3419 dese6iat
1199 3371 1229 3419 et
1238 3358 1289 3420 h6c
1300 3372 1331 3419 et
1341 3359 1460 3442 ubique
1473 3376 1512 3424 ut

474 3440 671 3506 institutionis
706 3444 816 3529 hujus
831 3442 968 3521 memini,
1012 3466 1044 3506 m
1059 3444 1261 3506 aud6t6on6bus
1275 3459 1305 3504 et
1320 3443 1508 3524 spectaculis

473 3529 545 3591 volo
568 3548 667 3590 meam
688 3528 724 3590 de
746 3530 882 3593 oratione
902 3529 968 3591 sen·
1012 3526 1227 3614 Oportetergo
1237 3550 1363 3609 puerum
1375 3552 1508 3613 mgenu

474 3614 601 3676 tentiam
634 3634 794 3694 exponere.
840 3613 969 3677 Oratio·
1012 3636 1065 3675 um
1082 3635 1179 3675 necas
1195 3613 1315 3695 quidem
1328 3614 1507 3697 d6sc6plmas

473 3721 544 3762 nem
558 3719 628 3803 ego
649 3700 766 3780 prorsus
787 3701 969 3763 uniformem
1012 3722 1080 3782 quae
1105 3701 1144 3760 ob
1165 3702 1363 3783 vulgaremu
1344 3701 1429 3763 usum
1448 3724 1506 3765 en-¹

473 3781 606 3866 primum
629 3807 684 3882 pro
708 3783 751 3866 fig
732 3807 793 3847 ono
815 3786 970 3847 literarum
1012 3784 1109 3868 cyclia
1124 3783 1275 3861 dicuntur,
1297 3786 1464 3848 maudrtas
1456 3809 1507 3851 666

472 3871 643 3933 bonarum
636 3886 794 3953 6mpent6ae
804 3892 863 3934 non
876 3891 969 3951 parvo
1012 3870 1208 3971 cognitasque
1245 3871 1413 3950 praeteri6e3
1450 3893 1504 3932 ve-

472 3972 594 4037 reputo:
633 3956 739 4018 deinde
776 3978 843 4017 eam
872 3970 902 4018 et
937 3955 969 4016 in
1012 3952 1082 4016 nim
1100 3977 1151 4017 eas
1167 3958 1198 4018 in
1213 3955 1389 4033 transcursu,
1410 3953 1505 4021 veluti
1551 3982 1553 3986 ·

473 4040 690 4104 exercitatione
707 4040 804 4104 statuo
818 4038 969 4103 fastidium
1012 4040 1116 4124 gustus
1130 4040 1311 4122 percipiendi
1324 4042 1431 4123 gratia,
1445 4041 1504 4103 dis-

473 4126 598 4209 gignere
630 4140 661 4187 et
684 4124 772 4206 plane
805 4147 867 4188 non
891 4123 970 4223 posse
1013 4146 1097 4187 cere:
1123 4125 1233 4210 (nam
1226 4148 1257 4188 m
1272 4126 1413 4188 omnibus
1435 4148 1504 4207 per-

473 4209 526 4270 diu
560 4210 689 4291 placere.
733 4210 857 4294 Ubique
884 4212 968 4274 enim
1010 4209 1170 4273 sefflonem
1186 4210 1327 4291 consequi
1342 4232 1433 4273 nemo
1446 4234 1503 4291 po-

473 4293 563 4354 unius
582 4294 694 4356 tenoris
716 4297 895 4359 cantilenas
892 4297 967 4358 atie·
1010 4294 1082 4374 test)
1103 4296 1317 4377 philosophiam
1339 4296 1412 4358 vero
1429 4294 1504 4356 serii)

473 4377 859 4445 otemcdfertetoffendit:
870 4381 968 4446 varie·
1010 4380 1120 4445 colere.
1137 4379 1315 4463 Possumque
1330 4400 1429 4445 meam
1437 4380 1504 4447 sem
