3667 5650
481 870 556 926 100
810 838 1250 923 NOTAE.

474 1025 503 1062 “
524 1013 595 1099 ubi
614 1012 723 1096 nulla
740 1006 941 1093 metuendi
961 1006 1060 1092 ratio
1078 1009 1146 1109 est,
1173 1031 1221 1096 ut
1238 1012 1282 1097 in
1304 1014 1511 1115 hocloco,

477 1147 506 1187 “
525 1156 565 1221 et
582 1131 673 1217 alibi
691 1130 788 1245 saepe
801 1132 908 1244 apud
924 1133 1410 1224 Platonem.’'·-Cleric.
1432 1147 1516 1225 Ars

475 1259 574 1341 erit.
591 1259 643 1336 T.
659 1259 692 1338 1.
707 1282 748 1366 p.
770 1283 859 1365 130.
915 1254 1110 1339 Edwards.

528 1374 856 1484 nmi'j-Versus
876 1374 941 1460 hic
963 1375 1006 1460 in
1026 1377 1265 1490 Phocylideis
1284 1381 1405 1466 hodie·
1419 1411 1518 1469 non

473 1502 611 1600 exstat,
631 1517 678 1582 ut
698 1517 737 1582 et
756 1497 855 1582 alius
875 1497 918 1583 in
939 1497 1073 1582 libello
1090 1505 1138 1584 de
1156 1503 1305 1586 ratione
1321 1504 1520 1587 audiendi

475 1623 685 1720 addustun
704 1621 850 1730 aliique
870 1620 978 1704 alias.
1034 1622 1104 1707 Est
1122 1644 1255 1709 autem
1273 1626 1448 1722 vitiatus,
1469 1643 1523 1706 et

477 1745 633 1853 fortaffe
652 1744 702 1826 fic
721 1742 823 1826 rene
840 1742 1003 1852 legitur:
1520 1780 1523 1785 ·

532 1864 632 1951 Μ’
657 1865 707 1950 π’
735 1901 832 1952 εοντα
859 1901 964 1985 χρεων
989 1863 1027 1966 δη
1062 1890 1160 1954 nana
1187 1868 1380 1981 διδασκεμεν
1411 1865 1515 1989 ὲργοε.

477 1990 672 2104 Xylander.

533 2114 657 2195 Hunc
675 2111 825 2194 versum
846 2110 889 2193 in
916 2113 1017 2192 duos
1035 2112 1087 2194 fic
1114 2113 1280 2199 divisum
1310 2116 1520 2226 oportuit:

640 2275 860 2298 ---·-
870 2269 938 2347 χρη
957 2229 1064 2310 παιδ’
1080 2235 1131 2311 ετ’
1148 2268 1246 2314 eom

534 2375 638 2438 Καλα
656 2351 846 2463 &impin
864 2387 1177 2468 agna-w·-
1250 2384 1252 2387 ’

482 2475 677 2564 Edwards»
988 2557 995 2572 f

538 2599 658 2704 τοινυν)
684 2608 710 2647 “
733 2593 940 2706 Origine'm
960 2595 1153 2707 particula
1172 2635 1223 2679 τοι
1240 2598 1349 2680 ducit
1369 2602 1421 2682 ab
1439 2630 1524 2685 anm

483 2735 510 2772 “
531 2723 648 2833 tiquo
667 2716 852 2817 ablativo,
881 2715 953 2830 qui
979 2715 1077 2800 olim
1106 2719 1391 2804 terminabatur
1415 2724 1455 2804 in
1473 2764 1514 2825 oc,

484 2861 512 2896 “
534 2843 666 2959 postea
684 2842 726 2926 in
746 2882 783 2949 ῳ.
813 2847 872 2927 Ita
883 2840 1070 2925 dixerunt
1083 2841 1323 2926 vetustifflmi
1340 2884 1390 2928 τοι
1404 2869 1513 2952 noyn,

484 2980 511 3017 ‘⁸
532 2994 605 3079 pro
626 2994 707 3077 quo
726 2992 834 3051 nunc
858 3002 905 3071 τῳ
924 2986 1017 3071 λογῳ
1036 2963 1259 3049 scribimus:
1288 2968 1402 3073 cujus
1420 2968 1514 3053 flec-

484 3088 652 3172 “tionis
679 3088 876 3174 nonnulla
903 3084 1053 3173 residua
1073 3086 1167 3169 sunt
1196 3089 1351 3197 vestigia
1380 3094 1423 3174 in
1441 3096 1513 3173 da'·

484 3222 512 3258 “
534 3210 623 3289 tivis
642 3230 681 3292 et
698 3207 876 3290 ablativis
903 3244 974 3319 μοι,
1002 3242 1066 3305 σοι,
1097 3246 1138 3305 οι,
1166 3206 1260 3289 item
1286 3211 1328 3291 in
1345 3234 1446 3311 nvos,
1477 3236 1519 3299 et

484 3344 513 3382 “
533 3326 645 3429 πεδοῖ,
658 3346 814 3412 mutato
826 3324 1519 3441 accentu,aviiovsolum.-Cognita

487 3467 513 3502 “
532 3450 695 3563 origine,
716 3450 831 3533 facile
849 3452 903 3535 est
921 3450 1097 3535 invenire
1113 3452 1327 3559 genuinam
1344 3455 1518 3563 potesta.

487 3588 515 3626 “
536 3594 615 3659 tem
632 3572 939 3687 primariamque
953 3576 1177 3673 notionem:
1194 3572 1243 3655 fic
1258 3573 1365 3658 enim
1380 3593 1525 3688 wapro*

487 3713 516 3748 “
538 3737 585 3807 τῳ
614 3697 783 3809 pontum
811 3694 915 3778 idem
935 3695 1057 3809 fenne
1083 3695 1239 3778 notabit
1267 3700 1377 3807 quod
1407 3716 1524 3809 τετῳ,’

487 3832 516 3870 “
537 3859 584 3927 τῳ
604 3858 684 3903 nn.
711 3820 785 3916 hoc,
804 3818 941 3917 haere,
969 3819 1115 3929 reipsa,
1134 3817 1174 3899 ob
1201 3818 1292 3902 hanc
1317 3852 1405 3919 rem,
1425 3825 1514 3925 ideo,

486 3953 515 3992 “
534 3973 645 4055 quare
659 3945 1235 4029 &n--Tomnn-Servat
1267 3979 1317 4023 τοι
1334 3969 1420 4028 earn
1440 3963 1523 4031 no·'

487 4076 515 4111 “
538 4062 701 4162 tionem,
728 4092 850 4177 quarn
870 4062 941 4173 ipsi
958 4062 1003 4145 in
1020 4062 1216 4175 principio
1236 4063 1357 4172 hujus
1375 4067 1514 4179 capitis

486 4193 515 4228 ¹‘
538 4184 733 4293 affignavi,
753 4212 875 4298 quare
892 4204 1024 4270 totum
1042 4186 1117 4269 hoc
1134 4216 1237 4270 nomn
1250 4186 1374 4272 reddit
1389 4192 1514 4300 Hesy-

488 4304 648 4415 “chius
676 4306 731 4391 δια
758 4344 857 4395 πετο.
912 4313 1064 4427 Verum
1092 4346 1134 4393 το
1159 4346 1211 4396 nv
1236 4338 1321 4397 non
1347 4310 1525 4397 omnino·
