3667 5650
401 821 476 897 nt
689 820 735 898 rr
813 782 978 898 0'r
1062 821 1130 903 AE.

452 987 582 1085 mm)
611 990 671 1069 Ex
691 984 801 1068 mille
826 982 1023 1068 drachmis
1042 985 1244 1071 Rivander
1262 986 1432 1074 conhci't

399 1115 589 1195 summam
615 1137 661 1190 12
667 1139 702 1218 ς.
721 1106 765 1189 fl.
786 1107 1089 1208 Rhenanorum,
1109 1114 1171 1193 vel
1196 1141 1286 1196 roo.
1300 1118 1436 1196 Coro*
1486 1140 1488 1185 ἡ

399 1256 598 1317 natorum.
655 1231 871 1342 Wstbufiut.

452 1355 714 1436 Tantundem
743 1350 921 1464 pecuniae
939 1351 1071 1463 lysias
1091 1382 1179 1466 pag.
1199 1383 1292 1467 517·
1311 1353 1437 1467 ponit

395 1476 438 1559 in
457 1473 611 1558 sumtus
629 1500 788 1558 annuos
816 1477 990 1558 duorum
1017 1503 1242 1588 puerorum,
1270 1481 1438 1590 pueltae,

396 1595 616 1711 paedagogi,
644 1596 773 1682 servae.
830 1598 952 1680 Addit
979 1624 1090 1682 vero:
1124 1604 1218 1698 θησω
1246 1637 1320 1683 οσον
1346 1595 1436 1691 clerc

398 1756 545 1806 tortora
572 1757 604 1802 rr
622 1757 665 1829 η
688 1742 802 1803 πολε.
858 1718 967 1803 Hinc
994 1723 1043 1803 de
1070 1722 1262 1834 stipendio
1281 1718 1435 1804 solenni

399 1845 710 1951 Paedagogorum
725 1840 930 1950 judicabis.
988 1847 1191 1929 Schneider.

396 1978 403 2029 :
452 1969 681 2048 -Cum
707 1954 842 2077 itaque
868 1956 1015 2050 valeret
1047 1969 1251 2052 Drachma
1284 1962 1433 2061 Attica,

397 2085 560 2198 perinde
596 2087 659 2169 uti
695 2086 894 2170 Denarios
932 2094 1227 2189 Romanorum,
1265 2103 1438 2174 moneta
1486 2126 1488 2197 !

399 2208 630 2316 Anglicanae
648 2209 728 2287 VII
744 2204 925 2286 denarios
943 2232 1036 2287 cum
1057 2209 1200 2301 senisse,
1230 2210 1306 2290 five
1324 2208 1439 2290 odie·
1486 2214 1488 2255 ³

399 2355 473 2409 nos
494 2327 618 2432 juxta,
637 2353 685 2409 ex
702 2324 934 2434 elegantiori
951 2326 1440 2436 calculo,—·'-Taylor's

400 2456 630 2533 Comment.
650 2449 699 2530 ad
717 2451 911 2530 Marmor.
931 2445 1177 2531 Sandvicens.
1191 2477 1231 2559 p.
1250 2476 1382 2559 27.-
1398 2448 1447 2532 1f

402 2600 460 2655 we
481 2567 642 2682 suppose
669 2594 721 2650 an
742 2568 852 2650 Attic
874 2569 1049 2649 Drachm
1080 2587 1124 2651 to
1152 2571 1200 2652 be
1216 2572 1348 2652 worth
1368 2574 1440 2656 8d0

395 2702 425 2777 'a
442 2693 637 2778 thousand
656 2689 737 2774 will
757 2704 927 2774 amount
944 2708 985 2774 at
1004 2717 1027 2772 a
1046 2691 1176 2775 round
1194 2692 1438 2780 calculation

401 2839 445 2903 to
468 2850 484 2875 ‘⁸
557 2880 566 2900 .

459 2815 569 3047 deig)
589 2938 654 3022 Ad
672 2935 824 3022 sensum
853 2930 1053 3052 appo'fitus
1081 2937 1136 3020 est
1163 2939 1274 3023 locus
1299 2940 1441 3026 Nostri

401 3067 449 3146 de
461 3068 654 3159 Fortuna,
668 3088 913 3172 p.99.quem
927 3059 1101 3142 laudavit
1112 3060 1230 3143 etiam
1241 3062 1438 3175 Heufing.

401 3220 464 3275 rar
481 3179 514 3262 dr
532 3179 659 3273 arnsdorf
676 3218 734 3262 και
752 3180 937 3263 orrodnodar
953 3219 1012 3263 και
1030 3184 1298 3300 περιίαλλισθαι
1315 3182 1440 3269 διδασ-

401 3340 513 3415 κομεν,
543 3338 601 3384 και
630 3341 673 3414 τῃ
701 3297 794 3411 ὃεξιᾳ
812 3305 995 3414 hupedano
1023 3341 1069 3386 rat
1086 3299 1166 3409 οψυ,
1185 3342 1228 3415 τῃ
1247 3299 1279 3387 dr
1301 3344 1444 3431 αριςεςᾳ

402 3463 530 3548 agarem
548 3462 605 3508 τον
621 3462 734 3545 aeret.
788 3428 883 3508 Huc
903 3426 1044 3508 alludit
1066 3428 1314 3526 Plutarchus,
1334 3432 1440 3517 dum

402 3553 444 3636 in
466 3550 646 3663 suamc
674 3544 835 3651 επιὸεξικς
863 3567 1070 3646 memorat,
1098 3548 1287 3632 transsato
1315 3555 1440 3637 verbo

402 3676 451 3755 ab
471 3701 518 3755 eo
539 3699 660 3768 more,
682 3699 765 3782 quo
779 3671 891 3753 liberi
909 3669 1046 3753 cibum
1066 3671 1215 3769 dextra,
1236 3700 1317 3756 non
1340 3674 1436 3759 fini·

402 3798 492 3893 stra‚
514 3822 649 3907 capere
666 3793 869 3904 jubentur.
908 3792 1098 3900 Agnoscis
1117 3795 1320 3878 Plutarchi
1340 3825 1440 3881 acu-

402 3920 547 4001 leosum
565 3915 769 4027 ingenium
780 3920 795 3996 l
806 3962 862 3980 -
873 3915 1075 3996 Schneider.

458 4046 501 4123 P.
522 4042 580 4120 18.
599 4037 816 4159 παρασιτες)
838 4049 864 4085 “
885 4041 983 4119 Erat
1010 4038 1105 4119 olim
1125 4075 1335 4159 aragonen,
1365 4044 1440 4153 qui

402 4161 584 4244 “cilium
609 4164 715 4271 apud
743 4160 915 4271 aliquem
938 4160 1126 4259 sumebat,
1156 4162 1260 4245 idem
1290 4191 1437 4276 prope-

403 4294 429 4328 “
453 4283 617 4365 modum
633 4311 727 4366 cum
741 4321 895 4400 ομοσιτρς
905 4279 970 4371 seu
986 4286 1225 4380 cordonare-¹·
1236 4291 1323 4370 Imo
1334 4286 1436 4379 olim
