3667 5650
486 826 538 907 68
809 823 1250 925 NOTAE

488 997 689 1087 Plutarchi
714 997 926 1081 discamus:
958 999 1148 1083 nimirum
1170 1001 1464 1106 Archidamum
1482 1005 1528 1089 in

486 1125 662 1211 ducenda
673 1149 792 1233 parva
809 1149 932 1207 uxore
946 1123 1166 1238 divitiarum
1184 1124 1377 1210 rationem
1391 1129 1527 1213 habu·

486 1247 561 1331 ille.
611 1248 684 1329 Sed
702 1274 748 1326 ex
770 1246 985 1327 Plutarcho
1004 1245 1164 1330 vicillim
1184 1246 1431 1355 adjuvandus
1450 1251 1532 1334 elle

484 1369 639 1453 videtur
674 1368 742 1450 iste
772 1368 991 1451 Heraclidis
1022 1371 1152 1451 locus:
1190 1397 1320 1481 quum
1353 1373 1527 1457 minime

484 1489 631 1575 rationi
650 1489 959 1575 consentaneum
980 1490 1039 1589 fit,
1070 1511 1129 1590 ut,
1157 1520 1249 1603 quae
1272 1492 1459 1580 deformis
1481 1514 1531 1577 et·

483 1614 593 1699 dives
612 1615 680 1712 est,
710 1612 831 1697 fatus
853 1613 1013 1724 pusillos
1042 1617 1132 1696 edat
1161 1617 1445 1728 potiusquam
1475 1644 1529 1699 ea

485 1768 577 1849 quae
595 1734 766 1820 formosa
785 1736 843 1817 stt.
900 1742 955 1818 H.
977 1739 1184 1848 Stephanus.

540 1883 771 1963 Επιλεγοντας
785 1858 827 1941 ln
842 1860 931 1942 loco
947 1861 1129 1944 Athenael
1144 1862 1268 1948 citato
1284 1863 1372 1947 satis
1391 1863 1526 1946 osten·

483 1983 542 2069 dit
571 1981 840 2086 conjeduram
872 1985 1096 2066 Calauboni
1125 2021 1313 2080 επειποντες
1337 2014 1409 2097 pro
1428 2022 1526 2069 aaa·

485 2143 604 2200 ποντες
623 2104 787 2214 legentis
816 2105 887 2188 elle
915 2131 1061 2186 veram.
1119 2111 1230 2189 Male
1258 2133 1392 2192 autem
1411 2145 1527 2191 meran

484 2252 650 2331 λεγοντας
676 2227 883 2309 emendare
909 2229 996 2307 vult
1024 2225 1214 2310 Valcken.
1243 2230 1294 2310 ad
1316 2230 1531 2314 Theocrit.

484 2380 526 2462 p.
545 2351 636 2434 288.
693 2346 890 2436 Edwards»
1401 2436 1404 2442 ,

542 2478 653 2570 Ποιον)
683 2473 893 2580 Eleganter
923 2468 1190 2583 Heufiugems
1218 2471 1454 2580 conjiciebat
1484 2513 1529 2557 το

487 2635 600 2694 norm
626 2615 671 2678 ut
688 2595 834 2702 legitur
852 2622 886 2675 c.
902 2597 995 2675 VII.
1016 2592 1174 2678 Excidit
1193 2631 1233 2676 το
1252 2622 1321 2706 per
1339 2595 1526 2700 vicinita-

486 2737 567 2804 tem
589 2755 804 2839 παρεωρατο.
859 2715 1063 2801 Schneider.
1096 2825 1099 2829 Δ

545 2848 588 2923 Ρ.
606 2872 645 2948 4.
663 2844 745 2947 yaa)
770 2844 895 2922 Semel
915 2843 963 2921 de
982 2837 1186 2949 particulis
1208 2842 1358 2924 Graecis
1377 2870 1527 2926 monu-

488 2964 552 3048 iffe
573 2964 628 3046 sat
648 2964 736 3059 erit,
757 2990 834 3058 eas,
856 2963 945 3043 licet
967 2962 1095 3047 lorsan
1121 2962 1297 3073 aliquam
1320 2966 1534 3051 notionem·

488 3088 638 3194 semper·
676 3082 888 3188 subjeetam
929 3083 1154 3180 habuerint,
1192 3105 1383 3183 attamen,
1421 3089 1528 3197 illaelo

375 3206 378 3210 ’
473 3206 594 3317 sealu,
614 3205 812 3315 saepillrme
832 3204 955 3286 abesse
974 3202 1091 3313 polle.
1144 3205 1414 3313 Hoogeveenii
1431 3212 1529 3319 qui.

487 3329 578 3410 clem
599 3325 837 3410 Doctrinam
853 3354 937 3409 nou
952 3327 1072 3407 modo
1087 3328 1259 3434 ingentis
1275 3328 1528 3435 eruditionis,

491 3448 758 3534 verumetiam
775 3448 980 3531 acutiffrmi
997 3450 1146 3557 ingenii
1158 3450 1228 3531 effe
1241 3480 1343 3564 opus
1355 3450 1528 3541 libenter

490 3576 680 3662 concedo:
713 3572 773 3653 led
801 3572 905 3653 haud
929 3599 1017 3655 raro
1038 3570 1322 3680 particularum
1353 3575 1526 3662 rationes

492 3726 610 3808 aequo
661 3693 840 3777 subtilius
893 3695 1530 3809 exsequitur-...ramirum

492 3834 520 3868 “
541 3823 618 3906 illae
652 3818 854 3929 particulae
883 3821 989 3927 apud
1020 3818 1174 3902 Atticos
1203 3842 1421 3939 παρελκκσιῑ
1449 3823 1527 3908 hoc

493 3956 520 3991 “
542 3944 610 4039 cst,
633 3942 825 4053 adsenficm
844 3941 940 4023 nihil
948 3941 1145 4050 pertinent,
1175 3943 1265 4025 licet
1283 3944 1529 4029 numerosio-

493 4078 520 4161 f‘
545 4094 626 4149 rem
660 4066 879 4146 orationem
911 4064 1087 4173 quodam
1118 4066 1239 4149 modo
1270 4065 1455 4166 efficiant,
1486 4088 1529 4152 et

495 4199 520 4233 “
544 4187 671 4270 nescio
703 4188 797 4296 quid
828 4186 1031 4297 elegantiae
1062 4189 1246 4272 addant.''
1278 4189 1418 4274 cteric.
1449 4198 1546 4275 Ars.

495 4310 595 4390 Crit.
614 4316 666 4391 T.
683 4312 714 4392 l.
731 4336 770 4419 p.
789 4313 852 4392 62.
911 4307 1106 4404 Edwards.
