3667 5650
385 958 462 1045 150
609 952 612 961 '
678 934 721 1018 N
803 935 840 1015 0
923 938 964 1016 Τ
1047 937 1111 1018 AE.

439 1114 483 1192 Ρ.
498 1140 517 1220 3
525 1135 560 1216 ς.
579 1107 794 1226 αναργοντες)
812 1104 1203 1226 Αναργοντεςᾶεἷθηάἱϊ
1217 1110 1417 1220 Ηεῑιῇηςζ

383 1260 431 1313 ex
448 1230 575 1313 Schol.
597 1232 781 1341 Sophocl.
802 1232 851 1312 ad
866 1229 977 1338 Ajac.
992 1262 1028 1314 v.
1046 1233 1139 1338 428.
1156 1261 1323 1318 curnam
1339 1235 1420 1345 igi-

383 1375 449 1436 tur
468 1390 629 1472 απειργειν
649 1352 808 1463 reliquit
825 1380 910 1464 cap.
941 1359 1013 1464 17?
1045 1358 1104 1437 Sic
1123 1355 1176 1439 est
1198 1357 1317 1438 etiam
1339 1359 1418 1438 hoc

385 1477 546 1557 verbum
582 1475 625 1557 in
658 1473 814 1584 Sopatri
846 1474 1022 1587 Epistola
1057 1480 1163 1590 apud
1196 1480 1419 1575 Stobaeum,

380 1627 422 1710 p.
442 1628 535 1710 532.
592 1599 794 1682 Schneider.
1379 1617 1381 1621 ’

442 1722 678 1840 evagantium)
707 1719 867 1830 κᾳπειὸαν
885 1760 978 1806 ποτε
997 1753 1231 1844 iuventutem,
1250 1762 1326 1818 ταις
1343 1760 1421 1806 επι-

385 1845 548 1946 πληξεσιν
567 1881 598 1926 εν
617 1881 761 1957 araxem
781 1851 958 1958 meraniae.
1019 1847 1081 1931 Sic
1108 1849 1275 1932 omnino
1299 1848 1425 1954 'verba

382 1970 467 2050 haec
485 1966 577 2049 sunt
590 1968 878 2079 distinguenda.
918 1971 1014 2070 Ubi,
1031 1970 1179 2083 inquit,
1195 1968 1334 2053 laetitia
1347 1967 1423 2050 sese

382 2087 558 2187 efferent,
595 2091 934 2202 increpationibus
972 2095 1227 2178 incutiendus
1263 2093 1311 2175 iis
1348 2088 1425 2171 erit

384 2214 527 2322 pudor.
586 2212 789 2292 Fabricius
810 2213 929 2289 aliam
950 2214 1170 2296 'unionem
1200 2212 1426 2307 annotavit,

386 2363 478 2438 quae
497 2331 597 2414 mibi
616 2351 700 2414 tam
718 2331 817 2413 bene
843 2345 964 2439 atque
982 2329 1067 2410 haec
1085 2330 1151 2412 vix
1178 2333 1336 2413 videtur
1351 2360 1425 2412 co-

386 2457 551 2552 haesura‚
581 2451 741 2561 κᾳπειὲαν
769 2449 915 2569 ueniente
949 2449 1190 2553 επιπληξωσιν,
1220 2488 1251 2534 εν
1278 2486 1429 2562 auxum

385 2582 564 2662 notantes.
622 2575 690 2658 Est
709 2593 747 2657 et
767 2575 850 2656 haec
869 2575 912 2655 in
931 2573 1066 2655 nostro
1082 2573 1236 2683 scriptu.
1292 2580 1346 2656 Et
1365 2577 1438 2655 le..

386 2704 495 2812 gitur
523 2722 702 2796 ποικιλως,
731 2697 895 2808 superne
924 2713 1117 2779 annotato
1151 2719 1231 2790 λως.
1288 2699 1428 2780 Meam
1469 2712 1471 2714 ’

386 2825 619 2910 sententiam
639 2821 759 2917 dotti,
784 2843 898 2933 puto,
930 2820 1172 2930 probabunt.
1228 2819 1425 2930 Xylander.

444 2947 662 3067 ευφρᾶνωνται
681 2944 782 3041 dedi,
809 2945 915 3055 quod
937 2942 1129 3052 Heusmg.
1150 2943 1321 3038 volebat,
1350 2969 1428 3052 pro

387 3075 553 3180 vulgato
581 3067 1080 3189 sonnatium-Turbam
1109 3068 1149 3148 h.
1183 3069 1209 3148 1.
1240 3064 1439 3163 Codices3.

387 3222 482 3275 nam
503 3199 568 3273 Fr.
590 3191 758 3272 Fabricii
779 3194 858 3271 Mt.
875 3189 969 3296 Xyl.
984 3191 1102 3272 Vulc.
1125 3188 1226 3269 voff.
1245 3216 1283 3268 2.
1302 3224 1431 3293 κᾳπει·

388 3313 447 3397 δαν
466 3348 558 3394 ποτε
587 3309 731 3429 eborique
759 3308 1001 3413 επιπληξωσιν,
1031 3347 1062 3392 εν
1081 3345 1224 3417 minznan
1244 3312 1431 3391 vomebat.

387 3436 494 3520 Voss.
531 3464 564 3517 1.
599 3464 817 3552 ευφρανωνται
848 3431 1006 3551 enaim.
1063 3434 1249 3538 Vulgata,
1280 3457 1374 3537 quae
1404 3461 1431 3514 a

388 3560 594 3669 Xylandro
629 3560 696 3655 est,
739 3555 837 3641 mihi
869 3557 963 3638 ferri
995 3553 1098 3664 poffe
1132 3581 1214 3635 non
1248 3552 1427 3635 videtur!

390 3683 494 3790 Qis
513 3681 618 3765 enim
641 3673 764 3792 graece
783 3679 924 3762 dixerit
943 3714 973 3758 er
991 3712 1134 3784 αισχυνῃ
1154 3678 1333 3772 noranta,
1354 3701 1430 3784 pro

387 3807 582 3916 pudorem
603 3805 783 3911 injicere?
806 3805 951 3884 Saltem
970 3797 1059 3883 effet
1077 3836 1193 3881 notae.
1252 3798 1324 3877 Sed
1340 3798 1433 3880 sen-

389 3930 452 4012 sus
474 3931 592 4009 etiam
615 3928 703 4010 satis
733 3928 891 4033 ineptus
917 3921 1168 4017 indeexistit.
1226 3920 1429 4027 Equidem

389 4052 518 4160 probo
546 4054 757 4135 MStorum
786 4046 1017 4129 tentionem:
1049 4040 1209 4149 κᾳπειὲαν
1228 4077 1320 4123 ποτε
1349 4079 1441 4125 επι..

389 4170 574 4273 anniane,
595 4209 626 4254 er
643 4208 786 4279 αισχυνῃ
804 4172 983 4267 notantes,
1005 4168 1032 4252 i.
1051 4196 1085 4249 e.
1106 4192 1199 4247 cum
1220 4164 1371 4274 pudore
1386 4165 1427 4245 id

389 4292 531 4389 facere,
578 4299 639 4376 vel
679 4296 872 4406 pudorem
909 4319 1002 4407 erga
1048 4273 1190 4373 libero's
1227 4284 1421 4371 simulare.

392 4413 593 4502 Schneider.
