3667 5650
710 846 1149 930 nore.
1394 877 1445 957 99

412 1009 540 1125 plaint
567 1029 622 1092 on
656 1005 740 1094 this.
755 1005 854 1097 head
881 1003 927 1099 in
953 1004 1015 1090 his
1033 1006 1191 1099 Prefaee
1221 1024 1264 1101 to
1283 1016 1445 1120 Bryan'e

414 1134 601 1217 Plutarch
631 1130 664 1219 is
695 1154 786 1238 very
814 1129 933 1238 justly
964 1130 1152 1218 founded.
1211 1134 1444 1219 Dolendum

411 1258 547 1353 etiam,
571 1255 677 1367 quod
697 1253 839 1334 Lexica
858 1253 1136 1352 nullaextent,
1167 1254 1317 1364 quaein
1336 1257 1446 1362 juni..
1541 1263 1546 1270 '

411 1408 528 1465 orum
546 1379 680 1463 saltem
709 1373 892 1480 gratiam,
922 1380 1081 1464 Graecae
1109 1402 1221 1466 voces
1240 1383 1444 1463 vernaculis

410 1504 586 1584 reddant.
606 1499 831 1587 Absurdum
845 1496 951 1588 euim
964 1499 1283 1608 est,'opeLatinae
1295 1502 1444 1610 lingum
1526 1520 1530 1528 “

411 1630 589 1714 ‚Graecam
607 1625 657 1707 ab
674 1621 719 1704 iis
736 1621 866 1718 edisci;
884 1641 972 1703 tum
984 1620 1084 1730 quia⁴
1093 1621 1280 1704 Latinam
1295 1623 1323 1704 ii
1338 1654 1444 1713 non.-

408 1749 506 1830 dum
525 1743 615 1829 satis
636 1764 800 1839 norunt,
828 1761 915 1825 turn
936 1745 1044 1853 quod
1066 1743 1134 1853 ipsi
1156 1745 1328 1827 Lexicon
1349 1748 1441 1829 scri·

409 1859 530 1953 benti'
548 1867 673 1976 magis
703 1864 907 1949 familiaris
928 1868 995 1948 sua
1023 1867 1077 1947 est
1105 1867 1322 1978 meliusque
1350 1897 1439 1979 per-

406 1991 548 2105 spettn
578 1990 833 2100 expreſjiusque
862 1989 957 2070 adeo
986 2007 1023 2070 et
1036 1990 1256 2097 fignantius,
1293 1990 1321 2073 fi
1352 2018 1440 2077 eam

407 2115 470 2204 vel
490 2113 624 2194 leviter
640 2110 865 2209 excoluerit,
887 2110 966 2193 vim
987 2113 1196 2194 verborum
1217 2105 1440 2224 phrasrtr'm-

405 2263 484 2348 que
501 2237 654 2316 reddere
669 2234 826 2343 poterit.

389 2346 398 2363 ⁹
462 2370 488 2405 “
511 2360 607 2438 Non
627 2358 765 2466 procul
794 2355 844 2436 ab
872 2353 920 2437 iis
952 2357 1091 2454 verbis,
1121 2387 1213 2469 quae
1231 2359 1351 2441 modo
1369 2387 1438 2440 ex-

406 2493 434 2529 “
455 2477 677 2592 pendimus,
698 2483 886 2572 Socrates,
904 2504 998 2556 curn
1013 2476 1162 2559 dixisset
1178 2480 1212 2558 se
1232 2480 1439 2587 obsapien·

407 2617 433 2651 “
455 2606 519 2684 tiae
537 2602 701 2680 humane
718 2596 868 2678 famam
883 2595 1118 2677 invidiosum
1138 2596 1290 2681 sedium
1312 2598 1437 2698 fuiffe,
1510 2636 1513 2641 ¹

405 2738 433 2774 “
454 2724 527 2806 ait:
551 2757 598 2827 τῳ
619 2755 684 2801 oum
703 2755 773 2836 yur?
790 2714 950 2804 manderetur
972 2752 1098 2815 ταυτην
1113 2756 1188 2801 euru
1206 2747 1324 2818 σοφοςτ
1345 2750 1437 2832 quae

407 2861 433 2897 “
453 2843 638 2956 loquutio
657 2841 840 2951 frequens
861 2841 915 2923 est
935 2843 1040 2951 apud
1059 2843 1257 2940 Platonem,
1278 2871 1371 2929 cum
1392 2847 1436 2929 in

405 2984 432 3019 “
452 2972 524 3054 hac
537 2964 747 3077 Apologia,
762 2984 849 3046 tum
865 2962 958 3046 alibi
970 2962 1287 3073 patrm—Hac
1301 2986 1436 3051 autem

403 3107 430 3141 “
450 3088 637 3201 loquutio
655 3088 770 3170 nullo
797 3088 918 3168 modo
941 3085 1083 3170 Latine
1100 3088 1266 3199 exprimi
1294 3092 1432 3200 potest.

404 3204 586 3298 “Habet
619 3212 787 3295 Ficinus:
821 3214 923 3296 Nam
951 3209 1018 3292 hac
1047 3212 1181 3296 revere
1190 3214 1339 3321 sapiens
1372 3207 1439 3325 ‘ff'
1487 3230 1489 3233 ‘

401 3352 427 3389 “
444 3337 587 3430 videon
609 3333 683 3444 qui
701 3331 829 3416 sensus
847 3360 932 3416 non
951 3322 1014 3415 est'
1026 3331 1186 3443 quidem
1207 3336 1357 3418 alienus
1378 3338 1433 3423 ab

402 3474 430 3510 “
450 3463 526 3544 hoc
546 3449 647 3556 leco,
677 3454 738 3539 sed
759 3457 878 3538 nullo'
899 3456 1020 3540 modo
1039 3453 1120 3540 vim
1143 3457 1252 3540 verbi
1270 3457 1433 3539 κινδυνευω

399 3595 428 3633 “
449 3566 646 3691 exprimit.
689 3582 854 3662 Norunt
874 3604 1011 3660 omnes
1030 3604 1116 3685 eam
1134 3605 1270 3661 vocem
1291 3578 1431 3658 deduci

400 3717 427 3754 ‘⁸
450 3739 521 3787 mro
534 3737 579 3782 w
593 3698 730 3798 eredere,
745 3700 948 3812 opericulo,
970 3715 1009 3781 et
1024 3698 1236 3806 significare
1251 3702 1429 3809 plerum-

401 3840 430 3877 “
450 3852 529 3937 que
553 3825 765 3934 periclitari
773 3864 786 3921 ;
818 3850 955 3907 verum
982 3823 1129 3905 Latina
1154 3849 1249 3904 voce
1276 3820 1341 3904 hic
1370 3822 1431 3905 uti

402 3962 429 4000 “
450 3975 533 4031 non
562 3945 666 4044 licet,
695 3945 790 4056 quia
805 3987 809 3993 ’
815 3945 1027 4055 periclitari
1052 3944 1196 4028 Latine
1222 3944 1429 4052 loquentes

348 4103 351 4108 ’
395 4084 423 4122 “
443 4098 526 4155 non
546 4070 699 4166 dicunt,
729 4065 801 4151 nist
819 4069 868 4151 de
885 4070 929 4180 re
943 4095 1034 4177 quae
1061 4063 1270 4150 infeliciter
1292 4068 1426 4149 cadere

399 4208 427 4290 ‘f
447 4192 588 4306 potest,
618 4210 658 4275 et
685 4188 798 4297 cuius
818 4211 982 4274 eventus
1008 4216 1091 4273 non
1110 4187 1189 4270 sme
1216 4209 1328 4271 metu
1356 4218 1424 4272 ex-

401 4330 428 4428 “.
448 4316 667 4432 speetatun
695 4340 772 4400 vox
792 4316 1042 4491 reruGGraeca
1065 4309 1274 4398 adhibetur
1291 4312 1425 4412 etiam,

929 4448 950 4497 2

508 5067 520 5085 ·
727 4896 999 5034 ren-333
