3667 5650
455 925 537 1010 174
753 895 1184 985 NoTAE.

511 1087 537 1121 “
560 1071 780 1157 intricatior
797 1072 852 1154 est
871 1070 1073 1182 particulae
1104 1074 1179 1180 (τε)
1206 1074 1374 1181 adjediio
1394 1079 1482 1191 post

455 1209 481 1244 “
503 1236 565 1291 ωας
592 1200 629 1279 in
660 1193 944 1303 significatione
980 1230 1026 1277 ee
1053 1192 1186 1279 devere.
1245 1199 1380 1306 Hujus
1415 1231 1485 1285 ex·

455 1333 482 1368 “
503 1318 752 1428 plicationem
769 1317 848 1423 iam
861 1317 949 1399 dedi
965 1321 1013 1400 ad
1025 1320 1228 1427 Vigerum,
1244 1323 1292 1402 ad
1304 1350 1389 1433 cap.
1404 1330 1482 1422 ΙΙΙ,

454 1453 480 1490 “
500 1440 587 1524 feci.
602 1443 640 1538 8,
658 1445 708 1522 R.
727 1471 765 1550 9.
782 1440 993 1523 Rationem
1009 1444 1179 1540 reddere,
1198 1469 1267 1526 cur
1287 1448 1484 1556 particula

453 1580 480 1613 “
503 1602 542 1645 τε
562 1561 780 1672 adjiciatur,
803 1563 922 1668 hujus
941 1565 995 1646 est
1014 1563 1104 1647 loci.
1160 1589 1235 1660 οιος
1255 1595 1325 1678 pro
1343 1566 1481 1662 δυνατος

452 1699 478 1736 “
500 1691 670 1770 Budaeus
697 1686 839 1796 accipit
866 1711 955 1797 pag.
978 1689 1070 1797 518.
1126 1713 1199 1770 οιον
1218 1720 1256 1772 τι
1272 1692 1388 1773 etiam
1411 1712 1480 1800 per

451 1823 480 1861 “
500 1809 633 1892 duram
650 1809 846 1918 explicant
868 1810 1086 1920 Hesychius
1105 1832 1144 1893 et
1165 1812 1314 1895 Suidae.
1357 1814 1482 1896 Redre

451 1945 479 1981 “
500 1952 634 2014 monet
664 1933 871 2031 Devarius,
904 1933 948 2015 in
976 1934 1051 2014 hoe
1085 1933 1156 2015 usu
1191 1965 1337 2019 nomen
1365 1973 1425 2027 ωας
1455 1963 1479 2016 a

449 2057 649 2163 “propria
669 2052 952 2163 significatione
972 2083 1054 2139 non
1074 2058 1261 2140 recedere.
1290 2060 1359 2140 Est
1373 2059 1479 2139 enim

447 2189 477 2227 “
497 2176 771 2272 maeodomor,
792 2196 832 2256 et
850 2179 1055 2283 respondet
1071 2180 1309 2285 praecedenti
1325 2218 1410 2274 τοιος
1422 2182 1484 2260 vel

449 2314 477 2351 “
499 2339 629 2392 reterre
655 2297 824 2407 exprtffo
852 2317 922 2377 aut
943 2296 1149 2406 suppresso,
1179 2298 1237 2376 ita
1266 2319 1313 2377 ut
1341 2339 1394 2401 εχ
1419 2339 1482 2393 οιος

450 2437 478 2471 “
501 2460 539 2504 τε
558 2461 618 2533 ειμι
639 2443 764 2518 rerer,
792 2450 857 2501 non
882 2415 1009 2529 poffism
1038 2419 1143 2529 ioqui,
1172 2414 1222 2498 sre
1252 2419 1477 2515 resolvatur,-

450 2560 477 2595 “
499 2582 543 2627 erc
563 2586 625 2654 ειμι
646 2582 789 2639 romae,
818 2578 879 2635 οιος
897 2581 914 2622 ο
933 2560 1077 2651 μελλων,
1096 2576 1167 2637 ntor
1185 2578 1202 2621 ο
1221 2537 1401 2651 derepere,
1419 2581 1440 2638 η
1460 2579 1478 2624 ο

449 2681 477 2717 “
498 2671 697 2776 Beroeam,
726 2686 772 2747 ut
802 2665 995 2747 Devarius
1024 2667 1123 2762 vult,
1151 2685 1277 2744 λαλειν.
1306 2667 1331 2746 i.
1352 2692 1386 2746 e.
1412 2693 1480 2747 non

449 2803 477 2839 “
486 2796 571 2901 firm
585 2793 683 2888 talis,
699 2791 814 2901 qualis
829 2790 901 2882 ille,
923 2791 986 2900 qui
999 2790 1312 2900 quuatur.-Sed
1334 2789 1415 2869 haec
1434 2789 1478 2869 in

449 2928 477 2963 “
499 2914 679 3011 tranfitu,
700 2933 739 2994 et
762 2912 850 2995 satis
871 2909 1023 2994 facilia:
1044 2911 1102 2992 sed
1125 2912 1222 3021 quid
1241 2910 1334 2992 facit
1356 2911 1478 3020 parti-

449 3050 476 3086 “
497 3042 586 3121 cula
605 3040 665 3120 τεί
697 3035 833 3117 otiosa
854 3035 943 3117 sane
972 3063 1056 3117 non
1074 3034 1241 3128 videtur,
1272 3063 1361 3143 quae
1382 3037 1479 3115 adeo

449 3175 476 3209 “
499 3161 725 3269 frequenter
745 3198 792 3263 τῳ
811 3197 873 3251 οιος
890 3159 1074 3256 adhaerer,
1105 3176 1165 3252 ut,
1188 3157 1258 3237 ubi
1276 3156 1340 3236 illa
1361 3156 1479 3254 abest,

449 3295 475 3331 ‘⁸
496 3284 606 3364 locus
635 3281 832 3392 suspedius
861 3279 1038 3360 videatur
1066 3282 1121 3361 H.
1144 3281 1363 3386 Stephano;
1392 3279 1478 3357 imo

448 3418 475 3453 “
496 3427 555 3502 ut,
578 3404 661 3501 ubi,
685 3403 823 3486 omisso
840 3403 972 3498 verbe,
1002 3399 1253 3496 substantivo,
1283 3417 1321 3478 et
1339 3397 1479 3478 infinia

448 3542 474 3576 ‘⁸
497 3532 593 3626 tivo,
609 3557 655 3610 ex
668 3523 899 3638 praecedenti
912 3523 1092 3605 oratione
1104 3521 1332 3633 supplendo,
1347 3519 1480 3628 ipsum

448 3665 474 3699 ‘¹
494 3654 593 3735 illud
612 3689 673 3745 οιος
693 3676 764 3762 pro
783 3647 989 3730 strudurae
1018 3644 1167 3728 rarione
1184 3644 1314 3726 casum
1337 3642 1476 3743 variat,

448 3779 530 3858 “ei
561 3793 696 3857 tamen
732 3771 953 3856 constanter
982 3767 1255 3877 subjungatur,
1290 3786 1337 3849 ut
1371 3773 1477 3875 apud

445 3910 473 3949 “
494 3897 666 3983 AEschin.
697 3903 843 3979 Socrat.
874 3893 1238 4010 Βί31.περιπλκτε.
1295 3912 1326 3971 H
1346 3886 1476 3972 durem

447 4036 474 4073 “
496 4060 605 4104 ακκειν
633 4057 671 4101 εκ
699 4058 745 4102 re
760 4057 809 4130 μη
836 4055 885 4099 oce
903 4053 955 4098 τε.
1011 4019 1051 4097 V
1044 4018 1077 4096 el
1101 4018 1273 4125 reciperet
1300 4015 1477 4112 auditum,

447 4158 474 4191 “
494 4177 572 4227 cum
600 4162 707 4226 antea
733 4144 861 4226 audire
887 4172 955 4222 non
980 4140 1150 4249 potuerit.
1209 4146 1243 4218 A
1265 4137 1479 4243 copulandi

447 4268 625 4348 “officio
653 4295 737 4348 non
766 4264 908 4348 recedit
936 4262 1128 4373 particula
1158 4296 1210 4353 τε,
1239 4259 1478 4340 comedens

447 4398 473 4433 “
495 4422 579 4481 τοιος
606 4408 644 4471 et
671 4426 747 4488 οιος,
778 4408 823 4471 ut
851 4388 1008 4495 plenior
1025 4383 1072 4470 fit
1098 4382 1314 4469 strudiur‘a:
1344 4418 1396 4464 eu-
1415 4417 1476 4488 ειμι
