3667 5650
632 919 674 1001 N
757 920 797 999 Ο
878 918 920 998 Τ
1001 905 1066 1000 AE‘.
1289 934 1367 1031 129

318 1075 498 1209 „fictura
525 1085 1052 1195 promovere.''--Steph.
1077 1082 1194 1167 Thes.
1215 1087 1268 1167 T.
1287 1088 1361 1169 ΙΙΙ.

334 1210 409 1289 col.
432 1207 525 1290 821.
580 1205 774 1287 Edwards.
814 1268 817 1275 .

298 1386 301 1390 -
390 1333 434 1412 P.
449 1331 513 1412 26.
525 1363 579 1409 nn
592 1329 708 1444 narpe)
724 1362 762 1407 ne
780 1319 878 1443 nepe
895 1316 1000 1408 Voss.
1022 1355 1056 1408 1.
1075 1328 1133 1408 sed
1152 1327 1361 1434 vulgatum

333 1451 436 1532 rehie
453 1447 627 1531 defendit
644 1446 834 1557 Heusmg.
849 1475 896 1529 ex
912 1447 1046 1530 Nostri
1061 1449 1141 1531 vita
1155 1454 1360 1536 Demosth.

332 1600 372 1682 p.
392 1569 484 1681 84'9.
506 1574 559 1653 D.
578 1570 647 1654 ubi
676 1605 731 1654 ene
757 1606 855 1690 nepe
881 1593 987 1673 nepae
1014 1598 1087 1680 pro
1115 1599 1162 1653 ex
1184 1592 1361 1682 tempore

331 1694 470 1791 dicere,
489 1692 618 1777 subito
636 1692 773 1776 dicere.
828 1693 1030 1776 Schneider.

286 1848 289 1852 *
384 1812 780 1924 uhtred-Equidem
799 1817 955 1897 mallem
968 1813 1105 1895 abeffet
1118 1813 1216 1897 illud
1232 1820 1362 1914 ethroe,¹

332 1940 439 2046 quod
469 1935 577 2019 sensu
603 1935 748 2018 dicitur
780 1938 820 2019 h.
850 1938 875 2016 l.
906 1935 1054 2019 Graecis
1090 1938 1263 2045 antiquis
1294 1941 1382 2024 vix·
1550 2007 1552 2011 .

295 2119 300 2128 ·
327 2058 487 2156 uhtato,
509 2058 568 2139 sed
589 2056 688 2139 forte
704 2054 973 2140 recentiffimo.
1028 2059 1228 2142 Schneider.
1266 2110 1271 2121 ·

386 2212 476 2262 -a
493 2180 682 2275 wretched
698 2182 909 2290 painter-
923 2179 1042 2263 Sensu
1062 2182 1166 2262 haud
1188 2182 1362 2270 diffimili

330 2300 460 2384 Graeci
479 2327 572 2383 voce
598 2322 732 2420 hippoe
750 2320 941 2384 utuntur:
972 2304 1072 2384 Vide
1101 2307 1288 2386 Edwards
1309 2310 1360 2389 ad

330 2424 479 2507 Theoc.
500 2419 612 2530 Idyll.
633 2421 684 2504 X.
704 2451 741 2504 v.
764 2429 828 2531 5'7.
884 2424 1079 2521 Edwards.

382 2555 487 2661 προς)
512 2578 673 2643 επαναγω
685 2578 803 2624 -επι
815 2545 962 2652 praebet
981 2548 1029 2623 C.
1049 2549 1155 2649 Aug.
1175 2546 1282 2652 quod
1302 2547 1359 2631 est

326 2666 445 2748 etiam
463 2666 506 2747 in
526 2665 614 2744 loco
630 2663 795 2768 Juliani,
815 2668 927 2745 Orat.
949 2667 1001 2745 II.
1022 2691 1061 2771 p.
1083 2667 1148 2773 69.
1169 2700 1231 2754 ens,
1244 2705 1299 2748 τον
1317 2667 1357 2771 εξ

326 2820 435 2906 epm
454 2817 686 2892 enavapoptr,
706 2820 816 2903 ωσπερ
843 2821 871 2867 or
890 2789 1130 2903 wpoereheorree
1148 2823 1178 2868 εν
1197 2825 1264 2882 τοις
1283 2789 1357 2909 dpe-

323 2944 410 3021 μως,
450 2937 571 3020 quem
603 2928 829 3018 opportune
866 2909 1040 2991 laudavit
1073 2909 1356 3019 Heufingerus.

325 3033 526 3116 Schneider.
1356 3097 1358 3106 .

372 3150 755 3273 'hearprnnrt-Qia
771 3177 863 3235 vero
877 3150 920 3235 in
933 3151 1093 3235 theatris
1105 3173 1144 3237 et
1159 3156 1355 3265 tragoediis

325 3276 521 3360 orationes
557 3280 604 3358 ad
636 3299 826 3389 pompam
861 3276 1231 3377 accomodabantur‚
1265 3281 1354 3364 ideo

326 3401 431 3482 Plut.
451 3401 492 3482 h,
506 3401 532 3481 l.
551 3398 641 3502 λεξιν
658 3406 836 3511 Srarprnne
854 3432 912 3477 non
930 3398 1201 3515 woepoerpnppdor
1220 3406 1356 3511 appel-

324 3522 418 3603 lavit
438 3520 664 3619 didtionem,
694 3546 783 3631 quae
804 3545 991 3627 pompam
1018 3523 1245 3603 theatricam
1268 3552 1353 3602 ma.
1487 3546 1491 3553 ’

323 3642 382 3748 gis
410 3642 532 3738 decet,
561 3663 599 3725 et
626 3645 822 3753 tragicum
851 3638 999 3748 aliquid
1029 3642 1188 3724 redolet.
1244 3645 1357 3747 West-

325 3766 373 3845 hn
397 3792 450 3843 ns.

274 3846 277 3853 ¹
358 3764 1355 3977 ſs----·“Oster1tatorius‚hdostentationemcont·
1409 3887 1413 3894 ’

329 4017 355 4053 ιι
374 4006 545 4116 pofitusg
576 4009 802 4118 ut-apud
824 4005 931 4086 Plut.
954 4010 1011 4083 De
1033 4004 1222 4085 educand.
1242 4035 1353 4115 puer.
1441 4011 1445 4018 ’

326 4139 354 4176 “
378 4126 514 4209 Didtio
527 4154 617 4237 quae
636 4128 864 4214 theatricam
882 4151 1071 4234 pompam
1089 4127 1211 4233 magis
1230 4134 1352 4226 decet.

324 4260 350 4311 ‘-‘
369 4269 407 4330 et
427 4249 622 4358 tragicum
648 4250 797 4360 aliquid
826 4249 993 4329 redolet:
1024 4241 1089 4325 cui
1119 4249 1246 4355 postea
1274 4278 1351 4364 op-

325 4382 351 4418 ee
371 4371 485 4481 ponit
514 4409 572 4467 την
590 4394 904 4550 σμκξολψανῖης
923 4365 1045 4477 λεξεῳς
1061 4404 1121 4454 και
1141 4407 1351 4462 retraherem:
