3667 5650
531 1373 599 1490 N
726 1353 969 1488 o'T
1093 1367 1192 1489 AE.

350 1829 395 1909 P.
413 1850 447 1907 1.
568 1823 685 1904 UNC
704 1817 884 1905 libellum
900 1821 1054 1905 contuli
1071 1849 1163 1905 cum
1182 1821 1375 1912 Francisci

581 1941 749 2026 Fabricii
765 1943 837 2025 viri
851 1944 1058 2027 dottiffimi
1077 1963 1195 2055 atque
1208 1947 1374 2055 diligen-

351 2066 484 2152 tiffimi
503 2065 655 2178 optima
676 2063 857 2148 editione.
915 2070 1082 2174 Qanto
1109 2095 1201 2150 cum
1223 2069 1372 2176 swein,

349 2191 410 2273 vel
428 2187 701 2272 annotationes
719 2189 935 2270 ostendent.
989 2191 1183 2300 &landen

404 2311 723 2395 Commentarius
738 2338 825 2393 vere
840 2310 1006 2394 Ethicus
1025 2311 1093 2410 est,
1110 2314 1152 2395 in
1165 2343 1247 2423 quo
1258 2338 1375 2401 autor

348 2462 433 2520 non
453 2450 611 2519 tantum
629 2434 676 2516 de
697 2432 866 2543 pueritia
886 2435 981 2540 agit,
1002 2434 1063 2514 sed
1082 2434 1199 2517 etiam
1218 2438 1265 2518 de
1285 2440 1375 2521 reli·
1466 2455 1470 2462 ’

346 2583 429 2669 qua
456 2553 578 2665 usque
605 2557 654 2636 ad
681 2553 913 2662 conjugium
949 2554 1042 2651 vita,
1077 2581 1170 2637 cum
1198 2584 1373 2669 corpore,

349 2695 439 2760 tum
476 2678 610 2758 anima
646 2674 750 2757 rene
783 2695 823 2756 et
855 2676 1035 2756 decenter
1076 2675 1374 2766 conformanda.

352 2799 566 2910 Westhustus.

404 2946 444 3005 Τι
465 2960 517 3016 τις
534 2959 575 3004 αν
602 2957 674 3025 exoa
693 2918 803 3026 oneo)
833 2920 944 3002 What
961 2951 986 3001 a
996 2922 1120 3031 perspn
1137 2953 1214 3038 may
1232 2927 1324 3010 have
1341 2948 1377 3012 lo
1444 3010 1447 3016 ,

335 3050 420 3158 say.
441 3056 578 3128 “nam
597 3071 670 3126 nos
690 3040 850 3149 Angli,''
875 3042 1008 3152 inquit
1028 3045 1225 3155 Toupius,
1248 3061 1274 3096 “
1291 3052 1376 3134 nes-

352 3184 378 3217 “
401 3168 462 3251 cio
477 3167 693 3277 quomodo,
715 3162 925 3273 semigraeci
940 3164 1112 3248 sumus.''
1133 3170 1256 3280 Epist.
1276 3174 1375 3258 crit.

351 3321 390 3402 p.
409 3319 475 3402 90.
531 3286 725 3372 Edwards.

404 3407 538 3516 >tepetis
552 3413 631 3519 οιον)
650 3410 690 3491 h.
705 3434 738 3490 e.
754 3429 843 3511 λεγω
857 3406 889 3490 ie
902 3431 1033 3490 TOION
1049 3447 1108 3491 οιον
1120 3435 1214 3496 ΕΣΤΙ
1225 3438 1376 3501 ΤΟΥΤΟ.

351 3540 499 3617 Imean
513 3537 584 3640 sor
620 3531 787 3639 example.
843 3532 943 3612 Vide
976 3535 1156 3639 Hoogev.
1199 3539 1378 3622 Dofiirin.

352 3685 393 3767 p.
421 3684 534 3765 1273.
592 3654 678 3739 Bos.
704 3652 838 3763 Ellips.
868 3680 907 3761 p.
939 3679 1032 3758 441.
1061 3655 1166 3737 Edit.
1198 3660 1379 3744 Scwebel.

355 3778 548 3862 Edwards.
818 3779 826 3787 ’

410 3898 570 4016 mean)
605 3898 859 3980 Demosthen.
890 3913 1027 3978 contra
1055 3900 1184 3981 Neaer.
1207 3902 1258 3982 T.
1278 3907 1310 3984 I.
1341 3933 1381 4014 p.
1518 3927 1521 3932 ’

358 4024 449 4105 608.
474 4020 580 4103 Edit.
600 4020 761 4128 Taylor.
816 4042 888 4113 Τοις
913 4055 973 4129 μεν
992 4056 1060 4136 ‘pap
1088 4039 1258 4118 ΕΤΑΙΡΑΣ
1278 4022 1384 4122 nimi,-

357 4144 435 4226 ενεκ’
463 4170 593 4253 εχομεν·
625 4178 691 4234 τας
719 4138 750 4221 ie
790 4164 1026 4239 ΠΑΛΛΑΚΑΣ,
1066 4178 1125 4236 της
1152 4146 1237 4226 καθ’
1265 4166 1385 4267 ημεςαῡ

356 4270 537 4385 &spontione
583 4300 628 4347 rte
682 4297 853 4374 σωματος.
904 4263 1113 4345 “Constat
1151 4265 1297 4350 interea
1337 4298 1385 4355 ex

361 4391 591 4474 “hocloco
618 4382 836 4475 differentia
863 4413 985 4495 quarn
1015 4386 1233 4473 statuerunt
1257 4394 1385 4479 Gtaeci
