3667 5650
669 930 1108 1017 NOTAE.
1384 937 1436 1040 69

413 1160 416 1164 ·
455 1109 604 1216 φιλεσιν)
634 1117 662 1156 “
683 1105 1001 1220 oumsaepiffime
1028 1125 1158 1206 notat,
1187 1109 1228 1190 in
1255 1140 1348 1192 more
1375 1109 1435 1221 effe

398 1248 426 1286 ‘⁸
444 1238 510 1318 'vel
521 1234 658 1327 habere,
657 1231 794 1339 solere:
807 1233 1011 1340 quomodo
1023 1235 1112 1314 Lat.
1123 1231 1436 1315 amaredicunt.''

399 1359 553 1441 Albert.
571 1353 773 1440 Observat.
790 1353 985 1463 Philolog.
1003 1381 1043 1464 p.
1060 1356 1281 1459 46.--“
1299 1354 1435 1436 Nimi-

400 1488 429 1531 “
452 1508 541 1563 rum
562 1480 585 1561 ‘a
604 1476 753 1562 Graecis
774 1478 877 1558 hanc
897 1479 1132 1584 elegantiam
1153 1476 1327 1560 mutuati
1346 1476 1438 1558 sunt

400 1613 427 1651 “
448 1601 602 1684 Latinis
624 1598 683 1684 isli
701 1597 807 1682 enim
827 1599 967 1680 dicunt
985 1635 1102 1680 ταυτα
1117 1622 1199 1699 prbe
1218 1637 1306 1692 ετως
1323 1635 1437 1701 ‘ywer-

398 1737 426 1774 “
446 1729 523 1822 Sur,
544 1723 584 1805 id
601 1722 669 1821 est,
691 1758 807 1804 ταυτα
823 1759 911 1815 aruc
929 1726 1112 1824 pavorem?
1141 1724 1370 1805 Markland.
1387 1725 1439 1800 ad

399 1851 497 1930 Stat.
525 1848 617 1930 Silv.
648 1873 689 1956 p.
706 1848 895 1951 46.·-·-
906 1847 1006 1926 Vide
1035 1845 1204 1927 Pierson.
1227 1848 1276 1926 ad
1304 1849 1434 1927 Moer.

393 1994 436 2082 p.
456 1971 548 2080 382.
606 1968 801 2050 Edwards.
1143 1983 1147 1993 ’

452 2093 504 2197 Η)
524 2091 575 2190 εφ’
593 2129 613 2199 p
632 2127 739 2196 aarap.
759 2088 844 2172 Bos.
862 2089 996 2200 Ellips.
1016 2118 1057 2201 p.
1080 2118 1144 2174 21.
1158 2091 1316 2173 --si
1345 2091 1444 2203 quis*

395 2238 490 2298 vero
509 2219 558 2294 ad
579 2216 682 2294 satus
700 2249 745 2292 w
764 2235 817 2294 Ηι
838 2217 985 2324 apponi
1021 2237 1202 2324 oportere
1230 2214 1435 2312 censuerit,

398 2335 597 2418 D'orvilsii
625 2335 751 2416 verbis
782 2335 1009 2446 responsum
1033 2339 1145 2420 serat.
1205 2343 1350 2419 “Non
1372 2338 1438 2417 ni-

399 2470 427 2509 ‘¹
447 2458 575 2541 mium
592 2455 784 2566 scrupulis
797 2460 1087 2566 indulgendum
1108 2459 1149 2540 in
1166 2460 1361 2542 demendo
1376 2459 1439 2538 vel

398 2581 705 2690 “supponendo
746 2580 806 2659 vel
843 2581 1084 2688 a'dponendo·
1119 2582 1194 2660 hoc
1225 2580 1436 2676 elemento,

399 2715 426 2764 ‘³
447 2698 772 2812 quandoquidem
819 2728 901 2779 nou
942 2703 1062 2780 modo
1101 2701 1276 2809 antiquae
1309 2729 1441 2783 mem·

398 2827 584 2910 ‘s‘branae
619 2840 659 2904 et
698 2819 844 2928 lapides
879 2820 1023 2905 literati
1061 2822 1125 2906 hic
1166 2823 1336 2923 variant,
1376 2825 1444 2908 sed.

398 2962 427 2997 “
448 2941 712 3029 Grammatici
740 2943 809 3054 ipfi
826 2944 966 3027 acriter
983 2946 1086 3029 inter
1105 2948 1140 3028 se
1167 2947 1439 3055 digladieban.
1523 3041 1526 3052 .

398 3082 427 3126 ‘⁶
447 3066 614 3176 turjam
632 3066 729 3154 olim
754 3065 861 3147 cirea¹
885 3068 988 3171 hanc
1009 3070 1316 3181 Orthographiae
1344 3099 1438 3183 par-

344 3239 346 3245 ·
397 3208 423 3243 “
446 3213 539 3310 tem.
573 3213 667 3272 Οταν
689 3188 851 3301 (proper,
880 3227 903 3271 ει
924 3228 1000 3285 ταις
1018 3189 1379 3313 δοτικαιςηοσθετεον
1399 3234 1439 3278 το

398 3327 426 3367 “
446 3335 549 3399 rora.
589 3312 643 3394 ait
686 3316 814 3394 Sextus
848 3316 1059 3425 Empiricos
1087 3316 1191 3399 Ado.
1231 3313 1439 3402 Gr'ummot'.

399 3425 425 3487 ‘³
447 3442 494 3520 C.
515 3438 612 3520 ΙΧ.”
643 3435 913 3518 Animadvers.
932 3437 975 3518 in
996 3440 1150 3521 Charit.
1166 3468 1207 3550 p.
1222 3444 1438 3551 738.--·

397 3569 535 3641 “rom
571 3557 844 3668 subscriptum,
889 3577 935 3638 ut
972 3587 1173 3658 vocamus,
1224 3564 1355 3644 Graeci
1394 3564 1450 3645 in·

398 3680 729 3792 ‘'fflmarmoribus,
758 3682 918 3778 tabulis,
950 3708 993 3762 ac
1022 3683 1132 3766 libris
1163 3683 1438 3795 manuscriptis

399 3799 427 3855 3‘
448 3803 571 3911 vulgo
600 3830 682 3883 non
708 3800 926 3884 indicent?
983 3804 1267 3887 Montsaucon.
1288 3810 1440 3913 Palaeo-¹

397 3927 539 4039 graph.
561 3929 690 4006 Graec.
707 3952 747 4035 p.
767 3955 831 4035 33.
890 3926 1073 4011 Edwards
1083 3931 1122 4012 *.

440 4166 460 4208 ⁸
483 4170 507 4205 “
522 4164 607 4229 Cum
622 4175 726 4232 autem
744 4162 842 4227 Attici
864 4182 979 4231 veteres
1000 4168 1107 4232 litteris
1129 4183 1248 4235 tantum
1268 4179 1439 4265 majusculis

396 4259 422 4316 ‘.‘
436 4266 605 4328 uterentur,
619 4263 651 4312 et
665 4247 743 4328 Iota,
760 4251 842 4336 quod
856 4275 940 4318 nunc
955 4256 1152 4335 subscriptum
1167 4274 1290 4339 vocant,
1310 4264 1440 4335 adlatus

396 4343 421 4389 4‘
434 4337 571 4401 debuerit
591 4332 675 4418 poni,
690 4353 750 4415 qua
772 4334 887 4398 ratione
910 4340 999 4407 urus
1014 4353 1045 4402 et
1060 4357 1141 4405 ΠΡΩι
1162 4344 1215 4408 vix
1229 4346 1353 4414 discerni
1370 4356 1439 4436 pos.

398 4429 421 4483 s‘
435 4423 514 4500 sunt,
536 4437 571 4487 ut
584 4435 616 4485 et
630 4418 689 4482 alia
709 4419 786 4483 bene
805 4421 917 4499 multa3
938 4424 1092 4506 probabile
1112 4428 1242 4512 videtur,
1262 4434 1338 4516 ipsos
1360 4438 1438 4520 lota,
1508 4427 1519 4467 ”

399 4512 421 4590 ξ·
435 4508 516 4610 quod
540 4529 603 4575 non
626 4505 933 4657 pronunciarenuEiri
956 4511 1111 4615 scribeudo'
1132 4516 1226 4583 etiam
1250 4520 1339 4672 platpe
1360 4547 1438 4607 neg-

448 4621 453 4643 ,
630 4623 635 4636 .
912 4616 934 4685 3
1270 4615 1294 4691 ξε
1320 4610 1441 4694 igerel‘¹
