3667 5650
637 851 694 972 ΙΝ
777 895 815 972 O
899 889 939 968 T
1022 890 1086 969 AE.
1306 913 1382 996 175

354 1084 380 1118 “
401 1109 498 1168 rotor,
529 1107 587 1151 και
621 1105 682 1160 orer
710 1105 725 1147 o
754 1086 887 1175 μελλων
915 1103 1031 1145 ποιων.
1089 1067 1195 1146 Nam
1225 1080 1263 1145 et
1298 1067 1378 1167 hie,

355 1206 631 1304 “quanquam
653 1190 791 1284 rarius,
822 1215 895 1298 pro
918 1224 955 1269 τε
977 1182 1079 1296 poffe
1109 1188 1283 1267 adhiberi
1311 1218 1382 1285 aas,

354 1317 544 1398 “evincit
573 1318 681 1395 locus
712 1312 887 1393 Platonis
915 1312 962 1390 de
993 1315 1091 1418 Rep.
1113 1309 1182 1389 lib.
1202 1313 1274 1408 ΙΙΙ,
1296 1310 1385 1391 init.

356 1451 383 1486 “
405 1440 486 1557 Ae’e
514 1475 631 1521 ταυτα
650 1470 687 1517 τε
718 1444 809 1543 (pro
830 1471 946 1519 ταυτα
964 1431 1145 1541 potuisset
1164 1432 1289 1513 dicere
1310 1471 1381 1514 τοι·

355 1572 380 1607 “
401 1563 513 1659 αντα)
533 1584 681 1658 λεκτεον,
701 1595 758 1639 και
779 1596 831 1638 orn
850 1593 957 1649 αυτκς
973 1591 1114 1650 ποιησαι
1129 1591 1229 1649 nnn-ot
1248 1593 1303 1636 τον
1319 1561 1385 1636 θαι·

356 1695 382 1729 “
399 1722 497 1765 voror
529 1681 670 1767 dederas.
726 1687 854 1764 Nonne
884 1681 978 1761 talia
1010 1679 1156 1761 dicenda
1173 1681 1277 1788 fient,
1307 1709 1387 1787 qnae

356 1818 382 1853 “
402 1809 476 1889 illos
489 1808 611 1889 mortis
625 1805 735 1888 metui
752 1806 887 1886 omnino
905 1802 1040 1913 erepere
1055 1802 1217 1913 poffient?
1240 1805 1308 1880 Tu
1324 1828 1386 1882 re·

304 2013 307 2017 .
356 1940 382 1976 “
405 1929 525 2011 solve:
549 1967 677 2027 ταυτα,
698 1930 758 2008 vel
778 1963 934 2029 τοιαυτοι,
950 1962 1008 2006 και
1024 1962 1076 2007 orn
1090 1947 1265 2034 μελλοντα
1280 1959 1386 2017 auree

353 2061 380 2097 “
400 2087 542 2145 wernoni
562 2056 722 2133 &C.''—

407 2179 637 2281 δεινή-εκ
676 2173 909 2281 Heusingeri
948 2171 1138 2254 sententia
1181 2175 1268 2284 post
1305 2179 1389 2257 θεων

354 2323 512 2377 comma
529 2298 760 2405 ponendum
777 2313 872 2376 erat.
898 2316 904 2327 '
928 2295 1129 2378 Schneider.

409 2419 614 2534 ιεροφανται)
656 2419 756 2495 Vide
793 2421 941 2516 Potter.
980 2419 1229 2521 Archaeolog.
1269 2418 1333 2495 V..
1355 2447 1388 2501 1.

353 2567 394 2649 p.
416 2570 509 2647 391.
565 2536 760 2618 Edwards.

411 2661 751 2776 venundedisoane
780 2657 876 2767 quid
902 2661 1013 2766 κνιζειν
1032 2658 1091 2754 slt,
1123 2687 1203 2740 non
1225 2663 1386 2764 ignoret

356 2784 454 2889 quid
467 2819 545 2901 περι
566 2781 698 2881 faciat,
720 2782 768 2864 sic
788 2781 876 2864 satis
896 2782 1028 2865 video:
1048 2782 1145 2891 quid
1167 2802 1299 2866 autem
1317 2787 1385 2869 hic

354 2907 469 3020 poffit
483 2906 698 3013 significare
713 2910 916 3024 περικνιζειν,
937 2905 1041 2987 dicat
1056 2906 1126 3015 qui
1141 2908 1266 2989 novit.
1297 2909 1389 2991 Suf-

356 3029 482 3111 fridus
503 3028 617 3110 vertit
636 3028 781 3110 imitari
799 3050 918 3139 atque
931 3028 1155 3138 discerpere.
1184 3032 1388 3116 Fabricius

356 3151 500 3246 noster,
535 3151 832 3233 circumfodere.
890 3158 992 3259 Ego,
1028 3152 1125 3261 quid
1164 3155 1309 3238 horum
1343 3157 1391 3240 fit

359 3277 562 3391 περικνιζειν,
585 3293 654 3355 aut
674 3274 748 3383 qui
765 3276 841 3356 huc
858 3275 1038 3384 quadret,
1060 3300 1143 3356 non
1160 3276 1291 3359 video:
1311 3278 1409 3385 sus-²

360 3397 469 3504 picor
490 3400 699 3505 legendum
718 3402 938 3516 παριχνιζειν,
963 3398 1117 3505 vestigia
1137 3400 1286 3487 sectari.
1343 3407 1392 3483 In

361 3519 586 3601 narratione
623 3523 671 3600 de
707 3524 912 3627 Antigono
953 3539 991 3601 et
1029 3522 1260 3617 Theocrito,
1295 3522 1395 3606 inest

362 3642 572 3722 mendum:
591 3643 677 3722 vide
691 3644 732 3736 β.
749 3679 1001 3753 conmordent.
1015 3670 1100 3752 cap.
1124 3675 1157 3725 1.
1176 3662 1215 3724 et
1231 3647 1391 3725 Macro-

300 3767 302 3771 ’
361 3764 471 3845 bium
492 3790 531 3872 7.
554 3768 750 3846 Saturnal.
773 3797 810 3875 3.
866 3767 1061 3879 ir'yrlonder.

418 3887 1393 4007 EmendationiXylandri,quivolebatwaerxnffav,

362 4008 465 4089 favet
484 4009 590 4089 von.
615 4040 647 4091 1.
662 4010 732 4120 qui
750 4048 958 4129 παριχνευειν
973 4002 1102 4092 form'a
1120 4013 1278 4092 meliore
1295 4042 1394 4121 prae-

362 4130 441 4212 bet.
500 4131 766 4239 Heufingerus
787 4137 979 4251 περικνιζειν
995 4134 1071 4244 dici
1091 4137 1204 4215 docet
1224 4163 1271 4215 ex
1292 4137 1394 4215 Dio·

365 4252 463 4359 nysri
485 4254 624 4365 Antiq.
650 4256 687 4335 8.
712 4285 775 4364 32.
807 4285 879 4366 pro
908 4257 1055 4339 molem
1083 4276 1153 4339 aut
1181 4283 1396 4340 numerum

364 4374 556 4484 paulatim
579 4378 768 4475 minuere,
789 4382 898 4489 quod
918 4380 996 4463 huc
1017 4408 1100 4462 non
1119 4378 1228 4463 facit.
1284 4383 1394 4463 Idem
1499 4439 1502 4446 ·
