<?xml version="1.0" encoding="UTF-8"?>
<!DOCTYPE html PUBLIC "-//W3C//DTD XHTML 1.0 Transitional//EN"
    "http://www.w3.org/TR/xhtml1/DTD/xhtml1-transitional.dtd">
<html xmlns="http://www.w3.org/1999/xhtml" xml:lang="en" lang="en">
 <head>
  <title>
</title>
<meta http-equiv="Content-Type" content="text/html;charset=utf-8" />
  <meta name='ocr-system' content='tesseract 3.04.00' />
  <meta name='ocr-capabilities' content='ocr_page ocr_carea ocr_par ocr_line ocrx_word'/>
</head>
<body>
  <div class='ocr_page' id='page_1' title='image "./plutarchideeduc00edwagoog_0158.png"; bbox 0 0 3667 5650; ppageno 0'>
   <div class='ocr_carea' id='block_1_1' title="bbox 482 932 1213 1047">
    <p class='ocr_par' dir='ltr' id='par_1_1' title="bbox 482 932 1213 1047">
     <span class='ocr_line' id='line_1_1' title="bbox 482 932 1213 1047; baseline -0.004 -25"><span class='ocrx_word' id='word_1_1' title='bbox 482 964 558 1047; x_wconf 85' lang='lat'>154</span> <span class='ocrx_word' id='word_1_2' title='bbox 772 932 1213 1019; x_wconf 79' lang='lat' dir='ltr'><strong>NOTAE.</strong></span> 
     </span>
    </p>
   </div>
   <div class='ocr_carea' id='block_1_2' title="bbox 475 1101 1510 1464">
    <p class='ocr_par' dir='ltr' id='par_1_2' title="bbox 475 1101 1510 1464">
     <span class='ocr_line' id='line_1_2' title="bbox 475 1101 1510 1221; baseline 0.003 -26.003"><span class='ocrx_word' id='word_1_3' title='bbox 475 1101 672 1204; x_wconf 73' lang='lat' dir='ltr'>instituto,</span> <span class='ocrx_word' id='word_1_4' title='bbox 708 1103 884 1204; x_wconf 86' lang='lat' dir='ltr'>deficere,</span> <span class='ocrx_word' id='word_1_5' title='bbox 920 1120 960 1188; x_wconf 90' lang='lat' dir='ltr'>et</span> <span class='ocrx_word' id='word_1_6' title='bbox 997 1106 1261 1215; x_wconf 85' lang='lat' dir='ltr'>elanguescere</span> <span class='ocrx_word' id='word_1_7' title='bbox 1297 1104 1510 1221; x_wconf 85' lang='lat' dir='ltr'>llgnificat.</span> 
     </span>
     <span class='ocr_line' id='line_1_3' title="bbox 476 1227 1509 1341; baseline 0.001 -23"><span class='ocrx_word' id='word_1_8' title='bbox 476 1237 530 1318; x_wconf 89' lang='lat' dir='ltr'>Et</span> <span class='ocrx_word' id='word_1_9' title='bbox 550 1239 600 1316; x_wconf 93' lang='lat' dir='ltr'>D</span> <span class='ocrx_word' id='word_1_10' title='bbox 615 1230 760 1310; x_wconf 87' lang='lat' dir='ltr'><strong>Paulus</strong></span> <span class='ocrx_word' id='word_1_11' title='bbox 780 1227 856 1312; x_wconf 88' lang='lat' dir='ltr'>hoc</span> <span class='ocrx_word' id='word_1_12' title='bbox 873 1228 982 1311; x_wconf 88' lang='lat' dir='ltr'>sensu</span> <span class='ocrx_word' id='word_1_13' title='bbox 997 1253 1083 1311; x_wconf 87' lang='lat' dir='ltr'>eam</span> <span class='ocrx_word' id='word_1_14' title='bbox 1098 1256 1184 1341; x_wconf 93' lang='lat' dir='ltr'><strong>cap.</strong></span> <span class='ocrx_word' id='word_1_15' title='bbox 1173 1259 1239 1340; x_wconf 90' lang='lat'>.9.</span> <span class='ocrx_word' id='word_1_16' title='bbox 1259 1233 1309 1315; x_wconf 91' lang='lat' dir='ltr'>ad</span> <span class='ocrx_word' id='word_1_17' title='bbox 1323 1239 1444 1320; x_wconf 91' lang='lat' dir='ltr'>Rom</span> <span class='ocrx_word' id='word_1_18' title='bbox 1465 1255 1509 1319; x_wconf 88' lang='lat' dir='ltr'>et</span> 
     </span>
     <span class='ocr_line' id='line_1_4' title="bbox 483 1338 1506 1464; baseline 0.002 -24"><span class='ocrx_word' id='word_1_19' title='bbox 483 1385 516 1440; x_wconf 90' lang='lat'>1.</span> <span class='ocrx_word' id='word_1_20' title='bbox 537 1359 631 1434; x_wconf 85' lang='lat' dir='ltr'><strong>Cor.</strong></span> <span class='ocrx_word' id='word_1_21' title='bbox 656 1381 718 1462; x_wconf 88' lang='lat'>13.</span> <span class='ocrx_word' id='word_1_22' title='bbox 739 1338 954 1463; x_wconf 78' lang='lat' dir='ltr'>tisurpavit‚</span> <span class='ocrx_word' id='word_1_23' title='bbox 983 1350 1129 1464; x_wconf 87' lang='lat' dir='ltr'>aliique</span> <span class='ocrx_word' id='word_1_24' title='bbox 1147 1351 1254 1452; x_wconf 83' lang='lat' dir='ltr'><strong>alias,</strong></span> <span class='ocrx_word' id='word_1_25' title='bbox 1274 1338 1404 1441; x_wconf 85' lang='lat' dir='ltr'>noster</span> <span class='ocrx_word' id='word_1_26' title='bbox 1423 1359 1506 1444; x_wconf 84' lang='lat' dir='ltr'>fre-</span> 
     </span>
    </p>
   </div>
   <div class='ocr_carea' id='block_1_3' title="bbox 291 1470 904 1590">
    <p class='ocr_par' dir='ltr' id='par_1_3' title="bbox 291 1470 904 1590">
     <span class='ocr_line' id='line_1_5' title="bbox 291 1470 904 1590; baseline -0.005 -31"><span class='ocrx_word' id='word_1_27' title='bbox 291 1470 300 1501; x_wconf 88' lang='grc'><strong>”</strong></span> <span class='ocrx_word' id='word_1_28' title='bbox 472 1493 653 1590; x_wconf 86' lang='lat' dir='ltr'>quenter.</span> <span class='ocrx_word' id='word_1_29' title='bbox 709 1474 904 1587; x_wconf 71' lang='lat' dir='ltr'>Xylandn.</span> 
     </span>
    </p>
   </div>
   <div class='ocr_carea' id='block_1_4' title="bbox 527 1594 1505 1836">
    <p class='ocr_par' dir='ltr' id='par_1_4' title="bbox 527 1594 1505 1836">
     <span class='ocr_line' id='line_1_6' title="bbox 527 1594 1505 1709; baseline -0.003 -25"><span class='ocrx_word' id='word_1_30' title='bbox 527 1597 735 1683; x_wconf 86' lang='lat' dir='ltr'>Alhtonus</span> <span class='ocrx_word' id='word_1_31' title='bbox 755 1624 917 1709; x_wconf 88' lang='lat' dir='ltr'>quoque</span> <span class='ocrx_word' id='word_1_32' title='bbox 936 1594 1032 1706; x_wconf 87' lang='lat' dir='ltr'>legit</span> <span class='ocrx_word' id='word_1_33' title='bbox 1052 1632 1131 1682; x_wconf 76' lang='lat' dir='ltr'>ann</span> <span class='ocrx_word' id='word_1_34' title='bbox 1121 1635 1254 1684; x_wconf 73' lang='lat' dir='ltr'>maa.</span> <span class='ocrx_word' id='word_1_35' title='bbox 1308 1601 1505 1686; x_wconf 83' lang='lat' dir='ltr'>Edwards.</span> 
     </span>
     <span class='ocr_line' id='line_1_7' title="bbox 529 1717 1505 1836; baseline -0.012 -30"><span class='ocrx_word' id='word_1_36' title='bbox 529 1718 646 1827; x_wconf 72' lang='grc' dir='ltr'>ψυχη)</span> <span class='ocrx_word' id='word_1_37' title='bbox 663 1717 890 1804; x_wconf 83' lang='lat' dir='ltr'><strong>Articulum</strong></span> <span class='ocrx_word' id='word_1_38' title='bbox 909 1759 931 1818; x_wconf 74' lang='grc' dir='ltr'><em>η</em></span> <span class='ocrx_word' id='word_1_39' title='bbox 947 1737 1039 1802; x_wconf 89' lang='lat' dir='ltr'>ante</span> <span class='ocrx_word' id='word_1_40' title='bbox 1058 1719 1159 1827; x_wconf 60' lang='lat' dir='ltr'>lam</span> <span class='ocrx_word' id='word_1_41' title='bbox 1177 1724 1313 1836; x_wconf 77' lang='lat' dir='ltr'>sponte</span> <span class='ocrx_word' id='word_1_42' title='bbox 1330 1752 1417 1808; x_wconf 78' lang='lat' dir='ltr'>mea</span> <span class='ocrx_word' id='word_1_43' title='bbox 1432 1728 1505 1808; x_wconf 78' lang='lat' dir='ltr'>ad.</span> 
     </span>
    </p>
   </div>
   <div class='ocr_carea' id='block_1_5' title="bbox 333 1843 825 1938">
    <p class='ocr_par' dir='ltr' id='par_1_5' title="bbox 333 1843 825 1938">
     <span class='ocr_line' id='line_1_8' title="bbox 333 1843 825 1938; baseline -0.024 0"><span class='ocrx_word' id='word_1_44' title='bbox 333 1931 337 1938; x_wconf 89' lang='lat'><strong>.</strong></span> <span class='ocrx_word' id='word_1_45' title='bbox 472 1845 567 1930; x_wconf 87' lang='lat' dir='ltr'><strong>didi.</strong></span> <span class='ocrx_word' id='word_1_46' title='bbox 623 1843 825 1927; x_wconf 82' lang='lat' dir='ltr'>Schneider.</span> 
     </span>
    </p>
   </div>
   <div class='ocr_carea' id='block_1_6' title="bbox 357 1965 1514 4035">
    <p class='ocr_par' dir='ltr' id='par_1_6' title="bbox 470 1965 1513 2437">
     <span class='ocr_line' id='line_1_9' title="bbox 529 1965 1509 2082; baseline 0.004 -33"><span class='ocrx_word' id='word_1_47' title='bbox 529 1971 574 2049; x_wconf 91' lang='lat' dir='ltr'>P.</span> <span class='ocrx_word' id='word_1_48' title='bbox 589 1993 654 2077; x_wconf 83' lang='lat'>37.</span> <span class='ocrx_word' id='word_1_49' title='bbox 672 1967 907 2078; x_wconf 75' lang='grc' dir='ltr'>βαπτιζιται)</span> <span class='ocrx_word' id='word_1_50' title='bbox 925 1971 987 2052; x_wconf 87' lang='lat' dir='ltr'>Ex</span> <span class='ocrx_word' id='word_1_51' title='bbox 1002 1965 1258 2053; x_wconf 84' lang='lat' dir='ltr'>fimilitudine</span> <span class='ocrx_word' id='word_1_52' title='bbox 1273 1970 1509 2082; x_wconf 74' lang='lat' dir='ltr'>praecedenti</span> 
     </span>
     <span class='ocr_line' id='line_1_10' title="bbox 470 2087 1511 2205; baseline 0.002 -31"><span class='ocrx_word' id='word_1_53' title='bbox 470 2087 593 2174; x_wconf 84' lang='lat' dir='ltr'>traxit</span> <span class='ocrx_word' id='word_1_54' title='bbox 612 2091 849 2174; x_wconf 85' lang='lat' dir='ltr'>Plutarchus</span> <span class='ocrx_word' id='word_1_55' title='bbox 877 2106 1013 2175; x_wconf 87' lang='lat' dir='ltr'>vocem</span> <span class='ocrx_word' id='word_1_56' title='bbox 1037 2094 1270 2202; x_wconf 74' lang='grc' dir='ltr'>βαπτιζεται,</span> <span class='ocrx_word' id='word_1_57' title='bbox 1299 2095 1511 2205; x_wconf 90' lang='lat' dir='ltr'>metapho-</span> 
     </span>
     <span class='ocr_line' id='line_1_11' title="bbox 471 2210 1513 2324; baseline 0.003 -29"><span class='ocrx_word' id='word_1_58' title='bbox 471 2237 558 2296; x_wconf 89' lang='lat' dir='ltr'>ram</span> <span class='ocrx_word' id='word_1_59' title='bbox 587 2210 675 2292; x_wconf 86' lang='lat' dir='ltr'>sane</span> <span class='ocrx_word' id='word_1_60' title='bbox 702 2213 842 2290; x_wconf 88' lang='lat' dir='ltr'>duram</span> <span class='ocrx_word' id='word_1_61' title='bbox 850 2250 864 2303; x_wconf 62' lang='grc' dir='ltr'><strong><em>ς</em></strong></span> <span class='ocrx_word' id='word_1_62' title='bbox 898 2213 1006 2316; x_wconf 90' lang='lat' dir='ltr'>quod</span> <span class='ocrx_word' id='word_1_63' title='bbox 1037 2231 1170 2290; x_wconf 88' lang='lat' dir='ltr'>tamen</span> <span class='ocrx_word' id='word_1_64' title='bbox 1200 2216 1355 2298; x_wconf 88' lang='lat' dir='ltr'><em>dicendi</em></span> <span class='ocrx_word' id='word_1_65' title='bbox 1382 2243 1513 2324; x_wconf 85' lang='lat' dir='ltr'>genus</span> 
     </span>
     <span class='ocr_line' id='line_1_12' title="bbox 471 2326 1510 2437; baseline 0.001 -22"><span class='ocrx_word' id='word_1_66' title='bbox 471 2331 659 2417; x_wconf 79' lang='lat' dir='ltr'>vitiosum</span> <span class='ocrx_word' id='word_1_67' title='bbox 677 2330 824 2414; x_wconf 88' lang='lat' dir='ltr'>Nostro</span> <span class='ocrx_word' id='word_1_68' title='bbox 844 2326 1015 2411; x_wconf 86' lang='lat' dir='ltr'>maxime</span> <span class='ocrx_word' id='word_1_69' title='bbox 1035 2328 1226 2437; x_wconf 85' lang='lat' dir='ltr'><strong>placebat.</strong></span> <span class='ocrx_word' id='word_1_70' title='bbox 1256 2338 1378 2414; x_wconf 84' lang='lat' dir='ltr'><strong>&#39;Raro</strong></span> <span class='ocrx_word' id='word_1_71' title='bbox 1396 2337 1510 2416; x_wconf 85' lang='lat' dir='ltr'>sensu</span> 
     </span>
    </p>

    <p class='ocr_par' dir='ltr' id='par_1_7' title="bbox 357 2448 1510 2812">
     <span class='ocr_line' id='line_1_13' title="bbox 473 2448 1510 2566; baseline 0.004 -29"><span class='ocrx_word' id='word_1_72' title='bbox 473 2450 708 2562; x_wconf 70' lang='grc' dir='ltr'>βαπτιζεσθαι</span> <span class='ocrx_word' id='word_1_73' title='bbox 741 2448 888 2534; x_wconf 80' lang='lat' dir='ltr'>dicitur</span> <span class='ocrx_word' id='word_1_74' title='bbox 920 2478 985 2560; x_wconf 91' lang='lat' dir='ltr'>ap.</span> <span class='ocrx_word' id='word_1_75' title='bbox 1016 2452 1223 2533; x_wconf 87' lang='lat' dir='ltr'>Platonem</span> <span class='ocrx_word' id='word_1_76' title='bbox 1251 2448 1296 2533; x_wconf 86' lang='lat' dir='ltr'>in</span> <span class='ocrx_word' id='word_1_77' title='bbox 1326 2454 1510 2566; x_wconf 84' lang='lat' dir='ltr'><strong>Euthyd.</strong></span> 
     </span>
     <span class='ocr_line' id='line_1_14' title="bbox 357 2562 1508 2691; baseline 0.001 -32"><span class='ocrx_word' id='word_1_78' title='bbox 357 2562 359 2568; x_wconf 35' lang='lat'><strong>⁴</strong></span> <span class='ocrx_word' id='word_1_79' title='bbox 471 2604 515 2691; x_wconf 89' lang='lat' dir='ltr'>p.</span> <span class='ocrx_word' id='word_1_80' title='bbox 538 2603 630 2689; x_wconf 88' lang='lat'><strong>271.</strong></span> <span class='ocrx_word' id='word_1_81' title='bbox 650 2575 741 2657; x_wconf 88' lang='lat' dir='ltr'><strong>coll.</strong></span> <span class='ocrx_word' id='word_1_82' title='bbox 757 2601 796 2685; x_wconf 93' lang='lat' dir='ltr'>p.</span> <span class='ocrx_word' id='word_1_83' title='bbox 814 2573 907 2655; x_wconf 89' lang='lat'><strong>281.</strong></span> <span class='ocrx_word' id='word_1_84' title='bbox 929 2571 1000 2655; x_wconf 91' lang='lat' dir='ltr'>lin.</span> <span class='ocrx_word' id='word_1_85' title='bbox 1021 2571 1059 2654; x_wconf 92' lang='lat'>8.</span> <span class='ocrx_word' id='word_1_86' title='bbox 1080 2567 1283 2683; x_wconf 87' lang='lat' dir='ltr'>Aristoph.</span> <span class='ocrx_word' id='word_1_87' title='bbox 1301 2575 1345 2658; x_wconf 91' lang='lat' dir='ltr'>in</span> <span class='ocrx_word' id='word_1_88' title='bbox 1364 2569 1508 2680; x_wconf 84' lang='lat' dir='ltr'>Ranis,</span> 
     </span>
     <span class='ocr_line' id='line_1_15' title="bbox 469 2696 877 2812; baseline -0.015 -29"><span class='ocrx_word' id='word_1_89' title='bbox 469 2728 510 2783; x_wconf 76' lang='lat' dir='ltr'>o.</span> <span class='ocrx_word' id='word_1_90' title='bbox 524 2727 618 2812; x_wconf 90' lang='lat'><strong>701.</strong></span> <span class='ocrx_word' id='word_1_91' title='bbox 676 2696 877 2782; x_wconf 80' lang='lat' dir='ltr'>Schneider.</span> 
     </span>
    </p>

    <p class='ocr_par' dir='ltr' id='par_1_8' title="bbox 454 2816 1514 3791">
     <span class='ocr_line' id='line_1_16' title="bbox 528 2816 1510 2933; baseline 0 -24"><span class='ocrx_word' id='word_1_92' title='bbox 528 2822 585 2929; x_wconf 80' lang='lat' dir='ltr'>an)</span> <span class='ocrx_word' id='word_1_93' title='bbox 615 2826 780 2933; x_wconf 88' lang='lat' dir='ltr'>Lennep</span> <span class='ocrx_word' id='word_1_94' title='bbox 798 2821 876 2904; x_wconf 89' lang='lat' dir='ltr'>and</span> <span class='ocrx_word' id='word_1_95' title='bbox 897 2816 1098 2905; x_wconf 87' lang='lat' dir='ltr'>Scheidius</span> <span class='ocrx_word' id='word_1_96' title='bbox 1118 2817 1274 2904; x_wconf 87' lang='lat' dir='ltr'>have</span> <span class='ocrx_word' id='word_1_97' title='bbox 1236 2848 1352 2927; x_wconf 89' lang='lat' dir='ltr'>g1ven</span> <span class='ocrx_word' id='word_1_98' title='bbox 1371 2851 1418 2906; x_wconf 89' lang='lat' dir='ltr'>us</span> <span class='ocrx_word' id='word_1_99' title='bbox 1439 2823 1510 2912; x_wconf 90' lang='lat' dir='ltr'>the</span> 
     </span>
     <span class='ocr_line' id='line_1_17' title="bbox 474 2943 1512 3057; baseline 0.001 -25"><span class='ocrx_word' id='word_1_100' title='bbox 474 2966 563 3032; x_wconf 85' lang='lat' dir='ltr'>true</span> <span class='ocrx_word' id='word_1_101' title='bbox 577 2943 705 3056; x_wconf 88' lang='lat' dir='ltr'>origin</span> <span class='ocrx_word' id='word_1_102' title='bbox 721 2945 770 3027; x_wconf 85' lang='lat' dir='ltr'>of</span> <span class='ocrx_word' id='word_1_103' title='bbox 783 2944 860 3026; x_wconf 84' lang='lat' dir='ltr'>this</span> <span class='ocrx_word' id='word_1_104' title='bbox 879 2944 1060 3057; x_wconf 88' lang='lat' dir='ltr'><strong>particle.</strong></span> <span class='ocrx_word' id='word_1_105' title='bbox 1069 2948 1277 3028; x_wconf 81' lang='lat' dir='ltr'><em>-Pror</em></span> <span class='ocrx_word' id='word_1_106' title='bbox 1229 2981 1290 3043; x_wconf 80' lang='grc' dir='ltr'>ιον,</span> <span class='ocrx_word' id='word_1_107' title='bbox 1311 2946 1413 3028; x_wconf 73' lang='lat' dir='ltr'>aben</span> <span class='ocrx_word' id='word_1_108' title='bbox 1416 2949 1512 3046; x_wconf 85' lang='lat' dir='ltr'>,cui</span> 
     </span>
     <span class='ocr_line' id='line_1_18' title="bbox 471 3066 1513 3179; baseline 0.003 -29.006"><span class='ocrx_word' id='word_1_109' title='bbox 471 3070 650 3154; x_wconf 86' lang='lat' dir='ltr'>vicinum</span> <span class='ocrx_word' id='word_1_110' title='bbox 672 3069 727 3151; x_wconf 88' lang='lat' dir='ltr'>est</span> <span class='ocrx_word' id='word_1_111' title='bbox 745 3107 807 3179; x_wconf 74' lang='lat' dir='ltr'>ap</span> <span class='ocrx_word' id='word_1_112' title='bbox 798 3068 908 3175; x_wconf 69' lang='lat' dir='ltr'>stem.</span> <span class='ocrx_word' id='word_1_113' title='bbox 932 3070 1119 3179; x_wconf 90' lang='lat' dir='ltr'>[·-·Poro</span> <span class='ocrx_word' id='word_1_114' title='bbox 1138 3066 1330 3151; x_wconf 84' lang='lat' dir='ltr'>Ionicum</span> <span class='ocrx_word' id='word_1_115' title='bbox 1340 3070 1396 3152; x_wconf 85' lang='lat' dir='ltr'>est</span> <span class='ocrx_word' id='word_1_116' title='bbox 1413 3073 1513 3153; x_wconf 87' lang='lat' dir='ltr'>Par-</span> 
     </span>
     <span class='ocr_line' id='line_1_19' title="bbox 472 3189 1514 3299; baseline 0.003 -25"><span class='ocrx_word' id='word_1_117' title='bbox 472 3189 656 3299; x_wconf 71' lang='lat' dir='ltr'>ticipium</span> <span class='ocrx_word' id='word_1_118' title='bbox 687 3226 756 3286; x_wconf 76' lang='lat' dir='ltr'>ean,</span> <span class='ocrx_word' id='word_1_119' title='bbox 792 3226 891 3287; x_wconf 73' lang='lat' dir='ltr'>aenae,</span> <span class='ocrx_word' id='word_1_120' title='bbox 921 3226 983 3287; x_wconf 82' lang='grc' dir='ltr'>εον,</span> <span class='ocrx_word' id='word_1_121' title='bbox 1019 3211 1066 3271; x_wconf 88' lang='lat' dir='ltr'>ut</span> <span class='ocrx_word' id='word_1_122' title='bbox 1097 3216 1145 3272; x_wconf 72' lang='lat' dir='ltr'>ex</span> <span class='ocrx_word' id='word_1_123' title='bbox 1172 3191 1346 3273; x_wconf 81' lang='lat' dir='ltr'>Herodoto</span> <span class='ocrx_word' id='word_1_124' title='bbox 1371 3192 1514 3277; x_wconf 79' lang='lat' dir='ltr'>docuit</span> 
     </span>
     <span class='ocr_line' id='line_1_20' title="bbox 471 3307 1514 3422; baseline 0 -24"><span class='ocrx_word' id='word_1_125' title='bbox 471 3307 688 3408; x_wconf 75' lang='lat' dir='ltr'>Maiotaire,</span> <span class='ocrx_word' id='word_1_126' title='bbox 702 3313 750 3393; x_wconf 93' lang='lat' dir='ltr'>de</span> <span class='ocrx_word' id='word_1_127' title='bbox 762 3314 912 3393; x_wconf 85' lang='lat' dir='ltr'>Graecae</span> <span class='ocrx_word' id='word_1_128' title='bbox 926 3311 1046 3421; x_wconf 82' lang='lat' dir='ltr'>Ling.</span> <span class='ocrx_word' id='word_1_129' title='bbox 1066 3310 1187 3395; x_wconf 87' lang='lat' dir='ltr'><strong>Diall.</strong></span> <span class='ocrx_word' id='word_1_130' title='bbox 1205 3339 1246 3422; x_wconf 93' lang='lat' dir='ltr'>p.</span> <span class='ocrx_word' id='word_1_131' title='bbox 1263 3337 1353 3418; x_wconf 82' lang='lat'><strong>132.</strong></span> <span class='ocrx_word' id='word_1_132' title='bbox 1383 3316 1514 3417; x_wconf 75' lang='lat' dir='ltr'>Qod·</span> 
     </span>
     <span class='ocr_line' id='line_1_21' title="bbox 472 3429 1509 3548; baseline -0.001 -29"><span class='ocrx_word' id='word_1_133' title='bbox 472 3434 602 3548; x_wconf 82' lang='lat' dir='ltr'>ipsum</span> <span class='ocrx_word' id='word_1_134' title='bbox 616 3467 678 3531; x_wconf 75' lang='grc' dir='ltr'>ιον,</span> <span class='ocrx_word' id='word_1_135' title='bbox 695 3432 769 3517; x_wconf 85' lang='lat' dir='ltr'>five</span> <span class='ocrx_word' id='word_1_136' title='bbox 783 3432 1038 3517; x_wconf 68' lang='lat' dir='ltr'>contraoum</span> <span class='ocrx_word' id='word_1_137' title='bbox 1054 3435 1104 3531; x_wconf 70' lang='grc' dir='ltr'>ἓν,</span> <span class='ocrx_word' id='word_1_138' title='bbox 1125 3460 1193 3543; x_wconf 84' lang='lat' dir='ltr'>per</span> <span class='ocrx_word' id='word_1_139' title='bbox 1206 3429 1355 3541; x_wconf 86' lang='lat' dir='ltr'>ellipfin</span> <span class='ocrx_word' id='word_1_140' title='bbox 1371 3460 1509 3542; x_wconf 91' lang='lat' dir='ltr'>quan-</span> 
     </span>
     <span class='ocr_line' id='line_1_22' title="bbox 470 3554 1512 3669; baseline -0.001 -27"><span class='ocrx_word' id='word_1_141' title='bbox 470 3563 564 3648; x_wconf 80' lang='lat' dir='ltr'>dam</span> <span class='ocrx_word' id='word_1_142' title='bbox 592 3556 741 3669; x_wconf 85' lang='lat' dir='ltr'>absolute</span> <span class='ocrx_word' id='word_1_143' title='bbox 766 3555 945 3669; x_wconf 87' lang='lat' dir='ltr'>ponitur,</span> <span class='ocrx_word' id='word_1_144' title='bbox 975 3573 1181 3665; x_wconf 82' lang='lat' dir='ltr'>notatque,</span> <span class='ocrx_word' id='word_1_145' title='bbox 1210 3554 1302 3666; x_wconf 70' lang='lat' dir='ltr'>quoa</span> <span class='ocrx_word' id='word_1_146' title='bbox 1324 3585 1431 3667; x_wconf 83' lang='lat' dir='ltr'><em>quun</em></span> <span class='ocrx_word' id='word_1_147' title='bbox 1449 3561 1512 3642; x_wconf 76' lang='lat' dir='ltr'>ita</span> 
     </span>
     <span class='ocr_line' id='line_1_23' title="bbox 454 3678 1318 3791; baseline -0.012 -23"><span class='ocrx_word' id='word_1_148' title='bbox 454 3682 527 3791; x_wconf 75' lang='lat' dir='ltr'>fit,</span> <span class='ocrx_word' id='word_1_149' title='bbox 546 3683 679 3791; x_wconf 84' lang='lat' dir='ltr'><em>igitur,</em></span> <span class='ocrx_word' id='word_1_150' title='bbox 699 3680 856 3791; x_wconf 80' lang='lat' dir='ltr'><strong>&amp;c.-]</strong></span> <span class='ocrx_word' id='word_1_151' title='bbox 879 3681 1126 3791; x_wconf 85' lang='lat' dir='ltr'>(Etymolog.</span> <span class='ocrx_word' id='word_1_152' title='bbox 1147 3705 1188 3788; x_wconf 89' lang='lat' dir='ltr'>p.</span> <span class='ocrx_word' id='word_1_153' title='bbox 1201 3678 1318 3787; x_wconf 85' lang='lat'><strong>705.)</strong></span> 
     </span>
    </p>

    <p class='ocr_par' dir='ltr' id='par_1_9' title="bbox 474 3793 1510 4035">
     <span class='ocr_line' id='line_1_24' title="bbox 530 3793 1510 3916; baseline -0.001 -30"><span class='ocrx_word' id='word_1_154' title='bbox 530 3806 773 3916; x_wconf 68' lang='grc' dir='ltr'>ινθυμυμενες)</span> <span class='ocrx_word' id='word_1_155' title='bbox 796 3808 814 3885; x_wconf 90' lang='lat'><strong>1</strong></span> <span class='ocrx_word' id='word_1_156' title='bbox 831 3805 963 3886; x_wconf 84' lang='lat' dir='ltr'><strong>would</strong></span> <span class='ocrx_word' id='word_1_157' title='bbox 979 3803 1118 3913; x_wconf 87' lang='lat' dir='ltr'><strong>supply</strong></span> <span class='ocrx_word' id='word_1_158' title='bbox 1133 3802 1201 3881; x_wconf 91' lang='lat' dir='ltr'>the</span> <span class='ocrx_word' id='word_1_159' title='bbox 1219 3793 1362 3910; x_wconf 79' lang='lat' dir='ltr'><strong>ellipl&#39;la</strong></span> <span class='ocrx_word' id='word_1_160' title='bbox 1379 3800 1422 3884; x_wconf 88' lang='lat' dir='ltr'>in</span> <span class='ocrx_word' id='word_1_161' title='bbox 1438 3803 1510 3886; x_wconf 80' lang='lat' dir='ltr'>the</span> 
     </span>
     <span class='ocr_line' id='line_1_25' title="bbox 474 3925 1509 4035; baseline -0.005 -22"><span class='ocrx_word' id='word_1_162' title='bbox 474 3925 683 4035; x_wconf 77' lang='lat' dir='ltr'>following</span> <span class='ocrx_word' id='word_1_163' title='bbox 717 3953 901 4013; x_wconf 82' lang='lat' dir='ltr'>manner:</span> <span class='ocrx_word' id='word_1_164' title='bbox 935 3948 1054 4007; x_wconf 71' lang='lat' dir='ltr'>Annae</span> <span class='ocrx_word' id='word_1_165' title='bbox 1086 3959 1123 4004; x_wconf 74' lang='grc' dir='ltr'>εν</span> <span class='ocrx_word' id='word_1_166' title='bbox 1151 3960 1220 4015; x_wconf 79' lang='grc' dir='ltr'>τοις</span> <span class='ocrx_word' id='word_1_167' title='bbox 1246 3957 1368 4004; x_wconf 72' lang='lat' dir='ltr'>wolon</span> <span class='ocrx_word' id='word_1_168' title='bbox 1394 3946 1509 4008; x_wconf 84' lang='grc' dir='ltr'><strong>ΚΑΤΑ</strong></span> 
     </span>
    </p>
   </div>
   <div class='ocr_carea' id='block_1_7' title="bbox 296 4040 1511 4159">
    <p class='ocr_par' dir='ltr' id='par_1_10' title="bbox 296 4040 1511 4159">
     <span class='ocr_line' id='line_1_26' title="bbox 296 4040 1511 4159; baseline -0.003 -25"><span class='ocrx_word' id='word_1_169' title='bbox 296 4114 300 4120; x_wconf 84' lang='lat'>-</span> <span class='ocrx_word' id='word_1_170' title='bbox 473 4040 1511 4159; x_wconf 64' lang='lat' dir='ltr'>monnone-RATA118vpapevae,w-Theremustthen</span> 
     </span>
    </p>
   </div>
   <div class='ocr_carea' id='block_1_8' title="bbox 468 4168 1508 4525">
    <p class='ocr_par' dir='ltr' id='par_1_11' title="bbox 468 4168 1508 4525">
     <span class='ocr_line' id='line_1_27' title="bbox 473 4168 1508 4283; baseline -0.003 -29"><span class='ocrx_word' id='word_1_171' title='bbox 473 4172 514 4254; x_wconf 82' lang='lat' dir='ltr'>be</span> <span class='ocrx_word' id='word_1_172' title='bbox 529 4204 555 4255; x_wconf 84' lang='lat' dir='ltr'>a</span> <span class='ocrx_word' id='word_1_173' title='bbox 569 4173 706 4283; x_wconf 84' lang='lat' dir='ltr'><em>giving</em></span> <span class='ocrx_word' id='word_1_174' title='bbox 724 4193 759 4254; x_wconf 85' lang='lat' dir='ltr'>to</span> <span class='ocrx_word' id='word_1_175' title='bbox 785 4171 944 4254; x_wconf 82' lang='lat' dir='ltr'>children</span> <span class='ocrx_word' id='word_1_176' title='bbox 971 4199 1013 4251; x_wconf 83' lang='lat' dir='ltr'>aa</span> <span class='ocrx_word' id='word_1_177' title='bbox 1032 4191 1075 4253; x_wconf 91' lang='lat' dir='ltr'>to</span> <span class='ocrx_word' id='word_1_178' title='bbox 1093 4200 1118 4251; x_wconf 86' lang='lat' dir='ltr'><strong>a</strong></span> <span class='ocrx_word' id='word_1_179' title='bbox 1136 4168 1442 4252; x_wconf 81' lang='lat' dir='ltr'>recreation-as</span> <span class='ocrx_word' id='word_1_180' title='bbox 1462 4189 1508 4251; x_wconf 90' lang='lat' dir='ltr'>to</span> 
     </span>
     <span class='ocr_line' id='line_1_28' title="bbox 468 4293 1506 4407; baseline 0.003 -34"><span class='ocrx_word' id='word_1_181' title='bbox 468 4298 700 4403; x_wconf 84' lang='lat' dir='ltr'>-or-by</span> <span class='ocrx_word' id='word_1_182' title='bbox 721 4324 762 4376; x_wconf 86' lang='lat' dir='ltr'>us</span> <span class='ocrx_word' id='word_1_183' title='bbox 778 4294 1067 4407; x_wconf 74' lang='lat' dir='ltr'><em>coefidering,-&#39;</em></span> <span class='ocrx_word' id='word_1_184' title='bbox 1080 4296 1147 4376; x_wconf 76' lang='lat' dir='ltr'>See</span> <span class='ocrx_word' id='word_1_185' title='bbox 1166 4293 1261 4377; x_wconf 88' lang='lat' dir='ltr'>Port</span> <span class='ocrx_word' id='word_1_186' title='bbox 1281 4294 1411 4402; x_wconf 80' lang='lat' dir='ltr'><strong>Royal</strong></span> <span class='ocrx_word' id='word_1_187' title='bbox 1431 4296 1506 4376; x_wconf 85' lang='lat' dir='ltr'>Gr.</span> 
     </span>
     <span class='ocr_line' id='line_1_29' title="bbox 469 4413 783 4525; baseline -0.01 -27"><span class='ocrx_word' id='word_1_188' title='bbox 469 4413 612 4498; x_wconf 76' lang='lat' dir='ltr'><strong>Gram.</strong></span> <span class='ocrx_word' id='word_1_189' title='bbox 630 4441 783 4525; x_wconf 83' lang='lat' dir='ltr'><strong>p.402.</strong></span> 
     </span>
    </p>
   </div>
   <div class='ocr_carea' id='block_1_9' title="bbox 0 0 1838 5650">
    <p class='ocr_par' dir='ltr' id='par_1_12' title="bbox 0 0 1838 5650">
     <span class='ocr_line' id='line_1_30' title="bbox 0 0 1838 5650; baseline 0 0"><span class='ocrx_word' id='word_1_190' title='bbox 0 0 1838 5650; x_wconf 95' lang='lat' dir='ltr'> </span> 
     </span>
    </p>
   </div>
  </div>
 </body>
</html>
