3667 5650
706 951 750 1036 N
833 956 874 1033 0
953 951 995 1032 Τ
1077 950 1141 1034 AE.
1365 981 1439 1065 149

408 1123 552 1232 Pafflvo
584 1117 853 1232 exprimendo,
881 1117 1096 1228 eademque
1127 1120 1176 1200 de
1206 1119 1333 1203 causta
1361 1122 1438 1202 alia

357 1346 360 1362 Ι
407 1245 517 1328 verbi
535 1241 663 1328 forma
679 1237 884 1352 indiguisse
904 1242 1080 1339 Graecos,
1100 1267 1221 1350 quam
1239 1243 1363 1338 aoristo
1378 1241 1438 1326 illi

399 1368 534 1479 pffno
549 1365 844 1463 substituerent3
863 1363 996 1476 postea
1013 1362 1135 1473 igitur
1152 1366 1349 1473 praeterita
1366 1369 1440 1448 im·

401 1493 564 1600 perfebla
582 1490 794 1572 verborum
809 1487 853 1570 in
866 1487 1063 1600 fix-loco
1077 1487 1201 1597 aoristi
1214 1488 1352 1571 Paffivi
1368 1494 1438 1573 ad·

404 1610 531 1696 hiberi
549 1610 813 1724 coeptafuiise,
827 1627 950 1722 atque
964 1611 1048 1694 haec
1063 1627 1177 1693 tanto
1195 1638 1311 1722 opere
1324 1610 1439 1694 inva-

402 1732 513 1818 luiffe
530 1738 636 1848 apud
663 1739 838 1836 Graecos,
867 1751 930 1832 ut,
958 1733 1129 1845 depofita
1148 1732 1228 1815 fere
1248 1734 1437 1843 potestate

402 1857 471 1941 sua
488 1861 631 1959 aniva,
651 1858 717 1942 vix
736 1856 826 1956 alia,
845 1884 968 1968 quam
985 1858 1133 1968 pcfflva,
1153 1854 1438 1965 significatione

400 1992 728 2070 occurrerent,-

455 2105 612 2211 ομονοας)
629 2108 708 2186 Pro
722 2137 859 2215 ομονοεις
877 2103 999 2188 Vulc.
1016 2099 1123 2186 Vols.
1146 2131 1162 2185 1
1171 2165 1181 2190 .
1197 2131 1235 2187 2.
1254 2126 1439 2215 ομολογεις.

398 2225 603 2312 Schneider.

453 2347 511 2451 ες)
541 2369 623 2464 nen
649 2381 689 2441 ες
715 2343 870 2428 ninum
899 2373 974 2454 pro
1001 2383 1090 2463 προς
1117 2385 1163 2445 ov,
1197 2348 1438 2454 negligentia

398 2469 570 2578 quadam
589 2465 781 2549 scribendi
809 2465 1022 2547 autoribus·
1045 2494 1131 2548 non
1159 2468 1359 2549 inufitata.
1380 2465 1432 2552 cf.

397 2594 534 2696 Intpn
554 2589 604 2668 ad
619 2588 662 2670 h.
682 2589 709 2667 l;
766 2585 969 2669 Schneider.

451 2709 554 2792 Vide
572 2711 703 2790 Zeun.
723 2707 772 2788 ad
792 2707 926 2816 Viger.
946 2736 986 2819 p.
1006 2734 1074 2813 40.
1130 2707 1326 2795 Edwards.

412 2905 415 2910 .
451 2836 557 2944 κοινῃ)
579 2837 628 2917 C.
646 2838 753 2939 Aug.
773 2865 875 2928 κοινην
898 2869 958 2913 και
975 2866 1138 2949 mennon
1157 2868 1209 2931 τε,
1238 2853 1358 2946 atque
1378 2836 1436 2921 ita

397 2953 519 3039 etiarn
547 2960 680 3038 Turn.
704 2955 823 3038 Vulc.
852 2950 959 3039 Voff.
987 2983 1028 3060 4.
1056 2954 1195 3037 omiffo
1222 2973 1357 3040 tamen
1384 2998 1435 3043 τε.

396 3077 602 3177 Sclnzeider.

453 3196 578 3307 enimc)
608 3197 781 3282 Locutio
810 3237 878 3292 τοις
909 3196 994 3292 ciaon
1021 3195 1128 3293 eniens
1153 3204 1308 3318 πρατἹειν
1335 3205 1438 3291 mihi

397 3350 502 3406 nova
519 3322 688 3419 videtur,
709 3321 800 3405 licet
815 3349 899 3404 non
915 3321 1094 3430 ignorem
1111 3360 1162 3404 τα
1176 3320 1242 3406 adia
1255 3353 1328 3437 pro
1343 3328 1436 3439 opi.

397 3447 474 3528 bus
507 3444 669 3556 (privati
689 3443 883 3550 hominis)
906 3444 996 3526 dici.
1053 3446 1437 3558 Schneider.-doing

390 3569 509 3680 poorly
526 3570 567 3649 in
584 3571 681 3650 their
697 3569 1022 3678 circumstances-
1142 3661 1145 3667 ,

452 3694 770 3805 παρεφορτισαμην)
822 3694 901 3772 Pro
946 3714 1248 3806 παρεφορτισαμην
1295 3690 1435 3776 malim

396 3836 741 3928 παρεμφορτισωμην,
761 3840 855 3896 nam
876 3848 980 3930 παρα
997 3812 1040 3892 in
1056 3812 1129 3892 hac
1150 3808 1438 3921 composltione

395 3936 529 4015 casum
565 3934 817 4035 nonhabet,
853 3953 898 4018 ut
925 3932 1034 4017 mihi
1068 3931 1239 4052 quidem
1266 3932 1433 4021 videtur.

397 4055 600 4142 Schneider.
1028 4066 1036 4078 ”

453 4178 694 4298 Schneiderfp
712 4178 964 4263 emendation
982 4178 1015 4262 is
1031 4177 1336 4261 unauthorized.
1348 4188 1436 4268 -1

396 4300 531 4382 would
542 4302 680 4384 render
692 4330 1007 4420 waesnogrsnapnv,
1016 4306 1042 4383 I
1045 4301 1138 4382 have
1147 4302 1287 4401 thrown
1296 4322 1367 4404 out,
1374 4307 1437 4390 de·

399 4423 551 4524 livered,
559 4425 662 4510 these
670 4424 804 4537 things
812 4424 853 4508 in
862 4453 928 4604 nn?
936 4423 1178 4509 discourseor
1186 4423 1350 4527 treatise,
1358 4434 1435 4513 &n

930 4561 951 4628 3
