3667 5650
611 882 1045 1018 N'orra
1268 956 1343 1041 117

315 1117 344 1156 “
363 1138 550 1224 vesparum
567 1098 745 1195 fuerunt,
774 1097 845 1208 qui
866 1126 1059 1183 unacum
1080 1096 1342 1183 sacerdotibus

316 1241 343 1276 “
364 1248 515 1338 partem
534 1220 756 1327 visiimaein
769 1221 905 1304 cibum
918 1221 1138 1332 capiebant.
1144 1219 1342 1308 -Postea

317 1363 345 1402 “
366 1378 457 1432 vero
477 1375 622 1430 numen
651 1347 728 1426 hoc
745 1379 929 1462 aapaasra
956 1343 1135 1453 odiosum
1163 1362 1201 1426 et
1223 1343 1342 1427 inho.

316 1485 345 1521 ‘¹
367 1471 517 1554 nestum
539 1469 611 1551 esse
629 1466 761 1578 coepit,
781 1487 819 1549 et
834 1503 1023 1585 wapaarra
1041 1466 1119 1550 dici
1138 1485 1343 1578 coeperunt

316 1605 389 1677 “o
409 1617 566 1688 κολακες,
588 1589 848 1688 assentatores,
862 1591 1106 1688 adulatores,
1126 1589 1345 1700 coenipetae,

318 1717 585 1798 “mensarum
607 1712 760 1812 assecla,
790 1713 861 1822 qui
888 1712 1089 1810 divitibus,
1119 1712 1345 1809 utiliorum

317 1849 494 1921 “coenas
539 1854 711 1948 captent,
755 1836 1020 1944 affentantur?
1024 1836 1257 1920 '-Mollus
1297 1836 1344 1916 ad

313 1965 444 2067 Long.
471 1960 571 2042 Past.
593 1988 633 2068 p.
653 1985 748 2063 421
777 1957 883 2039 Edit.
903 1960 1052 2040 Boden
1072 1960 1171 2042 Vide
1199 1961 1346 2077 Potter.

313 2085 565 2189 Archaeolog.
586 2086 637 2162 V
658 2109 696 2163 2.
715 2107 754 2190 p.
771 2082 865 2190 367.
922 2080 1118 2164 Edwards

372 2203 525 2313 ασημες)
547 2206 624 2286 Pro
642 2237 776 2310 aanpauc
795 2202 930 2286 malim
948 2239 1173 2320 wapaaqpaac.
1201 2203 1350 2291 Scdnet'

312 2327 389 2421 Μ.

369 2486 396 2528 a
412 2444 444 2528 ds
464 2446 563 2549 τινες)
593 2444 710 2524 Vide
722 2447 902 2552 Hoogev.
931 2464 971 2525 et
998 2451 1127 2568 Zeun.
1147 2448 1196 2528 ad
1215 2445 1348 2625 Viget.

313 2597 356 2681 p.
376 2598 415 2672 4.
473 2564 667 2648 Edwards

373 2682 642 2792 aarodwpayaa
644 2688 745 2792 ν)
757 2685 891 2768 “Nisi
920 2683 1041 2768 forte
1050 2685 1240 2797 significet
1268 2674 1352 2797 Qli
1421 2651 1456 2806 ..Ὦ
1548 2714 1554 2722 ’

307 2915 311 2920 .
317 2811 471 2893 “bona
487 2806 582 2891 sua
572 2836 614 2890 1n
634 2807 797 2920 cupedia
811 2827 849 2891 et
867 2806 1072 2921 popinales
1085 2808 1242 2895 delicias
1254 2840 1352 2902 con-

317 2931 498 3016 “sumit
519 2960 610 3015 narn
632 2929 829 3014 transitive
850 2931 1064 3042 aliquando
1092 2933 1168 3042 hoc
1187 2923 1348 3026 verbani

320 3054 561 3163 “accipitur
589 3080 662 3165 pro
691 3053 890 3136 Insumo
880 3082 924 3136 rn
947 3053 1134 3140 obsonia!
1137 3037 1349 3172 'ss-Steph.

319 3178 438 3261 Thes.
459 3181 513 3259 T.
533 3179 586 3258 II.
607 3171 684 3257 col.
709 3176 825 3286 1589.
880 3177 1147 3260 Edwards..
1332 3257 1334 3261 .

375 3295 720 3406 nadad-Deinde
735 3299 844 3408 quod
861 3279 1127 3409 Heusingerus
1143 3301 1204 3383 vel
1217 3329 1263 3386 ea
1275 3302 1351 3387 huc

320 3422 409 3504 loco
443 3446 604 3528 arguere
632 3417 785 3502 videtur
812 3421 924 3517 velle,
956 3422 1098 3504 ludum
1128 3422 1352 3512 tesserarum

321 3546 427 3652 apud
461 3548 620 3627 Graecos
653 3543 813 3651 perinde
849 3568 894 3646 ac
925 3547 1130 3624 Romanos
1160 3533 1352 3627 infameris

323 3661 521 3759 habitum,
550 3690 685 3772 verum
705 3693 787 3747 non
807 3662 874 3746 est.
932 3666 1052 3767 Quod
1073 3661 1101 3745 fi
1119 3664 1241 3745 ausos
1231 3692 1275 3747 tn
1294 3666 1354 3782 vi-

324 3786 389 3869 tiis
407 3767 619 3866 hominurn
636 3766 879 3896 perditorum
901 3805 1124 3894 ponuntur,
1140 3784 1223 3866 κατ’
1236 3821 1354 3907 vaspa-

323 3945 389 4013 χην
425 3905 738 4016 intelligendum,
783 3928 828 3991 ut
866 3907 1081 3990 hodienum
1121 3908 1226 4019 apud
1265 3936 1354 3996 nos.

323 4027 524 4114 Schneider.

381 4147 720 4255 sinuessano-‘⁸
741 4150 907 4265 Videtur
953 4173 1086 4257 autern
1123 4152 1353 4294 metaphora

326 4275 533 4385 “sumpta
547 4271 641 4355 ab''
616 4300 679 4372 ns,
700 4271 769 4384 qui
788 4303 811 4356 a
830 4290 949 4386 portu
969 4274 1205 4372 aberrantes,
1226 4294 1296 4360 aut
1314 4276 1353 4362 vi
1405 4333 1407 4337 -

329 4407 356 4449 ‘¹
327 4397 611 4513 tempestatis
630 4395 800 4497 aversi,
750 4424 841 4576 ,1ss
862 4395 1075 4512 periculosa
1100 4398 1216 4484 loca
1204 4398 1357 4563 smpip·

855 4530 914 4606 3
