3667 5650
597 878 1035 980 norm
1312 900 1362 1008 ⁶5

332 1069 417 1180 prie
463 1067 663 1184 loquendo
699 1072 861 1163 nullum,
896 1065 1143 1151 infinitivum
1182 1065 1364 1152 sortitum

329 1192 441 1302 quod
470 1219 544 1304 pro
569 1193 801 1276 validissimo
829 1210 1066 1300 argumento
1095 1190 1229 1274 haberi
1249 1193 1366 1276 debet

328 1314 405 1397 hoc
435 1331 589 1427 tempus
617 1317 799 1424 linguam
827 1318 1012 1397 Graecam
1041 1341 1125 1396 non
1154 1313 1362 1421 agnovisse.

330 1446 357 1482 “
378 1437 629 1521 -statim
650 1437 801 1547 patebit
819 1436 940 1543 hujus
959 1435 1104 1532 aoristi,
1135 1436 1205 1545 qui
1226 1436 1363 1519 secun-

330 1569 358 1604 “
376 1561 450 1643 dus
463 1559 630 1656 dicitur,
650 1559 934 1642 formationem
951 1557 1097 1668 perfici,
1118 1557 1146 1640 ss
1165 1559 1364 1672 praesentis

328 1685 565 1793 “temporis
604 1683 708 1766 illius
743 1683 898 1778 forma,
937 1684 986 1762 ad
1024 1708 1147 1792 quam
1185 1681 1366 1793 proxime

327 1813 355 1850 ‘⁸
375 1807 560 1914 pertinet,
578 1805 806 1889 terminatio
822 1829 856 1887 n
870 1805 914 1886 in
930 1825 989 1884 oN
1002 1824 1193 1902 mutetur,
1209 1823 1248 1887 et
1262 1833 1366 1915 prae-¹

326 1935 354 1972 “
375 1926 522 2036 ligatur
537 1946 814 2038 augmentum.
843 1932 892 2009 ln
910 1953 993 2036 qua
1005 1927 1166 2036 quidem
1183 1926 1365 2010 forman·

326 2058 355 2094 “
375 2051 416 2132 di
446 2051 599 2132 ratione
629 2078 719 2132 cum
751 2050 852 2132 idem
873 2048 1030 2160 prorsus
1060 2052 1194 2130 locum
1223 2050 1367 2135 habeat

328 2181 358 2216 “
378 2174 488 2280 quod
506 2174 547 2254 in
569 2173 790 2283 imperfecti
810 2171 1066 2270 formatione,
1097 2171 1367 2285 unusquisque

329 2303 357 2337 “
378 2293 492 2374 facile
506 2298 678 2377 advertet
689 2293 798 2378 hunc
815 2297 1028 2378 secundum
1042 2296 1230 2378 aoristum
1246 2298 1368 2379 resti-⁴

327 2423 421 2497 “us
441 2415 576 2501 referri
595 2418 645 2499 ad
664 2422 1045 2514 IMPERFECTA,
1071 2447 1163 2527 quae
1183 2446 1206 2499 a
1226 2418 1365 2500 vicinis

325 2546 353 2585 “
375 2540 586 2622 verborum
607 2540 762 2637 formis,
779 2539 915 2648 iisque
944 2537 1141 2647 imprimis
1167 2538 1363 2638 obsoletis,

327 2671 356 2705 “
378 2660 779 2744 oriuntu1·.-·-His
808 2662 942 2767 itaque
972 2659 1186 2768 praemilsrs,
1221 2659 1365 2744 sacilli-

328 2791 355 2828 “
378 2809 492 2865 mum
513 2782 589 2865 erit
617 2809 755 2866 omnes
784 2782 857 2864 hos
886 2780 1047 2865 aoristos
1067 2779 1269 2881 secundos,
1299 2784 1366 2866 seu

326 2916 354 2951 “
375 2905 510 3016 potius
523 2903 766 3017 impersesla,
780 2907 825 2987 ad
840 2932 931 2985 vera
943 2905 1009 2987 sua
1021 2907 1197 2989 themata
1208 2906 1364 2991 referre.

323 3038 352 3074 “
374 3032 434 3110 Ita
455 3065 587 3127 ετυπον,
607 3048 800 3138 tanquam
816 3026 1108 3137 imperfestum,
1130 3030 1300 3137 pertinet
1313 3031 1363 3111 ad

325 3162 353 3198 “
374 3188 485 3248 eveo,
526 3169 573 3234 ut
607 3150 885 3261 imperseslum
921 3187 1068 3233 emron
1101 3153 1150 3237 ad
1184 3151 1363 3235 vicinum

325 3284 351 3319 “
371 3274 548 3382 quidem,
568 3272 628 3355 sed
648 3272 889 3384 produslum
914 3275 1078 3356 verbum
1100 3310 1221 3357 romu
1240 3275 1362 3359 reser-

326 3406 353 3442 “
372 3400 477 3478 tur.’'
498 3400 676 3505 Lennep.
696 3399 801 3508 apud
820 3395 1026 3481 Villoison.
1046 3399 1095 3478 ad
1106 3401 1237 3507 Long.
1259 3400 1361 3480 Pan.

322 3546 364 3629 p.
382 3548 404 3600 2
410 3545 475 3625 53.
532 3518 727 3603 Edwards.

381 3643 561 3749 vespam)
581 3641 730 3723 Omnia
750 3640 867 3723 verba
887 3638 928 3719 in
944 3660 1002 3719 En
1021 3639 1208 3749 primitus
1229 3638 1362 3723 exilsse

322 3761 472 3845 statuo:
487 3765 743 3876 *-tempus
773 3782 906 3845 autem
929 3761 1116 3844 futurum
1136 3791 1159 3844 a
1179 3763 1359 3879 praesenti

365 3987 590 4054 ⁸-Carce
604 4014 663 4074 que
677 4012 755 4055 nous
766 3989 898 4075 apellens
912 4010 932 4051 a
943 3988 1058 4073 present
1070 3986 1168 4065 Verbe,
1184 3988 1270 4069 n'est,
1285 3990 1359 4055 dans

321 4075 375 4142 son
397 4076 525 4159 origine,
547 4078 652 4159 qu'un
671 4077 810 4160 compos&
830 4075 935 4162 dece
949 4074 1050 4138 Verbe
1071 4090 1103 4137 et
1123 4074 1205 4137 d'un
1228 4076 1365 4163 Adjeetif

320 4160 491 4224 confundus
519 4161 857 4227 ensemble.·-—Ceci
882 4160 1014 4243 suppose,
1045 4182 1086 4223 on
1109 4158 1261 4223 decouvre
1290 4163 1360 4244 plus

318 4245 503 4332 d’Analogie
510 4247 583 4310 dans
593 4245 790 4311 lafonnation
799 4249 851 4312 des
860 4248 959 4309 divers
971 4263 1069 4328 temps
1080 4246 1117 4308 de
1128 4261 1208 4308 cette
1217 4244 1358 4329 Lanoue,

319 4335 414 4417 qu'un
428 4334 500 4396 n’en
513 4332 651 4417 enseigne
665 4333 740 4400 dans
754 4332 797 4397 les
812 4330 1024 4399 Grammaires
1045 4331 1222 4417 ordinasses.
1267 4299 1322 4397 (ln
1336 4356 1358 4421 y

316 4417 395 4494 uuit,
410 4438 464 4499 par
484 4420 631 4500 exemple,
652 4439 712 4502 que
727 4433 798 4481 tous
816 4424 860 4481 les
880 4415 998 4478 Verues
1020 4416 1144 4480 doivent
1163 4418 1248 4482 avoir
1262 4442 1281 4481 a
1293 4419 1357 4483 seur

321 4497 417 4567 Futur
431 4526 470 4568 un
486 4503 641 4587 Sigmaret
651 4504 680 4568 la
693 4503 791 4569 raison
805 4503 955 4586 pourquoi
970 4502 1018 4565 ils'
1033 4502 1123 4569 l’ont.
1166 4500 1301 4569 Comme
1321 4506 1357 4566 ils

824 4583 852 4651 E
1317 4606 1357 4649 ue
