3667 5650
713 860 755 941 N
839 859 877 937 O
961 858 1005 936 T‘
1084 857 1147 938 ΕΑ
1368 854 1446 974 183

471 1028 691 1146 nudamur)
724 1022 906 1108 Defidero
934 1024 1114 1134 equidem
1136 1023 1325 1131 iudicium
1345 1028 1447 1114 Plu·

417 1156 556 1249 tarchi,
576 1152 644 1262 qui
661 1153 749 1233 loco
768 1175 852 1230 non
868 1149 964 1230 adeo
982 1171 1215 1258 opportuno
1231 1150 1445 1249 lacioribu's

415 1278 493 1358 suis
512 1274 689 1360 obtrudit
708 1271 1072 1382 interpretationem
1094 1268 1446 1388 anigmatutnPy-

413 1402 708 1508 thagoreorum,
724 1422 814 1505 quae
829 1394 917 1476 licet
936 1394 1228 1478 saluberrimam
1247 1396 1445 1510 compleo

414 1523 606 1604 tanturin
624 1520 659 1602 sc
671 1517 895 1601 dodtrinam
912 1542 1084 1616 morum,
1105 1519 1159 1598 ob
1172 1518 1446 1606 difficultatem

411 1662 546 1727 tamen
569 1664 611 1727 et
649 1641 926 1725 obscuritatem
949 1639 1075 1720 sensus
1104 1639 1292 1749 exiguum
1312 1648 1359 1725 ad
1379 1663 1449 1729 ex>-

411 1765 591 1848 citandos
620 1787 658 1850 ct
677 1767 924 1847 instruendos
943 1762 1134 1872 juvenum
1156 1764 1310 1847 animos
1329 1762 1446 1854 usum

410 1889 571 1973 habent.
628 1891 752 1996 Qid,
775 1885 938 1969 sr-etiam
960 1885 1004 1968 in
1024 1886 1161 1967 multis
1178 1888 1306 1997 lapsus
1327 1890 1448 1975 fuerit

409 2013 568 2108 Noster,
599 2015 709 2122 quod
736 2036 809 2093 nec
836 2010 1032 2091 affirmare
1060 2037 1131 2090 nec
1153 2035 1293 2117 negare
1312 2014 1354 2095 in
1378 2014 1448 2098 bis

408 2134 578 2216 tenebris
607 2135 818 2246 disciplina
835 2131 1105 2244 Pythagoricae
1136 2132 1278 2216 velim?
1320 2123 1447 2235 Mons

407 2261 584 2338 ueterum
613 2258 714 2338 idem
745 2256 882 2338 saxum
909 2281 1002 2336 cum
1034 2255 1182 2341 Nostro
1221 2261 1443 2359 volverunt,

406 2407 444 2458 v.
463 2407 502 2485 g.
524 2379 820 2461 Anaximander
838 2376 1015 2459 Misenus
1045 2379 1237 2461 recentior
1267 2406 1332 2488 ap.
1353 2382 1443 2463 Sui.

404 2504 496 2580 dam
518 2503 556 2582 h.
576 2528 613 2580 v.
634 2500 791 2607 aliique,
813 2524 914 2607 quos
936 2498 1071 2577 laudat
1092 2497 1295 2581 Fabricius
1318 2505 1362 2585 B.
1384 2506 1437 2586 G.

404 2624 516 2704 Libr.
537 2649 574 2703 2.
595 2649 628 2701 c.
653 2648 713 2703 12.
730 2649 769 2728 p.
783 2624 877 2724 464.
898 2618 951 2728 sq.
972 2621 1171 2729 Praecipue
1192 2641 1440 2710 tamencum

404 2745 481 2827 hoc
509 2743 644 2826 nostro
671 2744 760 2825 loco
787 2740 959 2825 conferri
987 2743 1099 2822 debet
1121 2746 1366 2853 Jamblichus
1395 2742 1441 2833 in

404 2868 482 2949 fine
498 2866 747 2976 Protreptici,
769 2866 839 2975 qui
855 2867 895 2947 in
914 2865 1096 2974 plurimis
1114 2893 1206 2948 cum
1228 2871 1440 2955 Plutarcho

403 2992 608 3072 consentit.
645 2989 842 3098 Equidem
862 2988 975 3069 nolui
994 2989 1144 3073 diutius
1165 2990 1259 3073 huic
1275 3031 1439 3107 wippa.

404 3135 548 3219 ronoytp
563 3112 780 3194 immorari.
789 3111 1054 3198 -Schneiders

454 3243 662 3353 μλανερων)
674 3279 727 3296 --
739 3247 767 3282 “
784 3240 886 3316 Sunt
897 3253 1030 3315 autem
1043 3233 1248 3345 erythinus
1263 3236 1337 3322 sive
1351 3254 1439 3353 ery-

402 3371 428 3410 “
452 3359 624 3456 thrinus,
653 3377 691 3440 et
709 3359 953 3454 melanurus,
973 3355 1105 3467 pisces,
1135 3357 1190 3441 ita
1209 3360 1305 3443 dieti
1324 3391 1348 3445 a
1367 3394 1438 3447 co-

402 3494 429 3530 “
450 3484 544 3563 lore.
575 3484 620 3564 Id
639 3477 831 3590 ignordssc
849 3479 1033 3561 videntur
1048 3480 1259 3587 jamblichi
1280 3504 1320 3565 et
1338 3490 1436 3569 Plu-

399 3616 427 3676 5‘
449 3603 575 3683 tarchi
594 3609 843 3715 Interpretes,
865 3600 935 3713 qui
952 3602 1111 3699 vertere,
1131 3603 1280 3686 rubrum
1294 3607 1441 3719 aliquid

401 3737 427 3775 “
445 3726 677 3834 nesttscipies,
703 3746 741 3808 et
756 3721 821 3837 qus
837 3727 1023 3835 nigrantes
1039 3724 1170 3807 caudas
1191 3727 1330 3825 habent,
1347 3735 1437 3841 gast,

395 3862 426 3902 t‘
444 3850 526 3930 tari
547 3877 613 3932 non
630 3866 809 3958 oportere:
826 3846 1030 3958 quomodo
1050 3864 1089 3929 et
1109 3848 1308 3933 Marsrlius
1327 3855 1433 3937 Fici-

397 3985 425 4021 “
444 3998 523 4071 nus
549 3987 730 4069 verterat,
759 3972 854 4055 teste
873 3970 976 4055 Lilio
995 3970 1176 4069 Gitaldo,
1205 3998 1325 4082 quem
1345 3974 1435 4059 vide

399 4106 427 4143 “
443 4092 485 4174 iu
532 4092 790 4206 Expositione
836 4092 1113 4201 AEnigmatum
1135 4153 1139 4160 -
1160 4096 1448 4205 Pythagorae.”·

395 4218 638 4325 Menag.·ad
666 4216 786 4325 Diog.
815 4222 947 4299 Laert.
968 4244 1017 4327 p.
1034 4214 1128 4329 369.
1167 4215 1268 4303 Vide
1294 4223 1432 4335 Stcpb.

394 4338 520 4447 Thes..
536 4342 590 4444 T.
609 4342 662 4424 11.
679 4341 755 4424 col.
776 4367 792 4434 ι
800 4365 913 4520 541Μ
947 4338 1145 4438 Edwards.
1370 4343 1373 4354 '

895 4536 898 4543 ,
927 4475 950 4541 4
