3667 5650
601 869 644 962 N
727 875 765 962 Ο
848 873 888 962 Τ
970 875 1036 963 AE·
1242 946 1245 951 -
1309 876 1357 970 81

330 1062 372 1162 p.
391 1071 597 1162 370.÷·--
605 1052 660 1131 As
664 1051 743 1158 far
759 1079 798 1129 as
813 1049 871 1131 the
884 1049 989 1159 thing
1002 1049 1131 1131 admits
1146 1051 1194 1159 of.
1210 1040 1251 1136 h.
1266 1080 1300 1136 e.
1319 1001 1362 1136 in

313 1180 415 1275 some
430 1176 596 1284 measure.
650 1164 845 1254 Edwards.

389 1293 597 1414 avelpapeo)
630 1286 785 1376 Textus
806 1289 924 1376 habet
942 1291 1116 1404 aliquam
1144 1295 1362 1381 obscurita-

330 1405 426 1516 tem,
456 1437 503 1500 ut
529 1415 661 1529 primo
690 1415 847 1526 aspediu
876 1416 1048 1499 tironem
1072 1416 1197 1500 sensus
1217 1419 1360 1528 fugiat.
1406 1406 1411 1414 ⁸
1491 1495 1494 1500 .

330 1543 503 1650 Ideoque
533 1568 606 1652 pro
630 1530 834 1658 arndeonem,
859 1533 1045 1650 Spirensis
1065 1544 1110 1634 B.
1126 1540 1263 1624 Albini
1283 1541 1362 1624 im·
1406 1637 1410 1647 ,

326 1665 464 1776 preffio
486 1686 594 1745 anno
622 1650 736 1771 1'584.
756 1656 954 1744 substituit
970 1667 1160 1762 avenaceo,
1181 1667 1289 1774 quod
1308 1665 1365 1748 est

328 1787 512 1898 recipere,
535 1787 595 1868 vel
616 1782 804 1884 resarcire,
833 1783 908 1866 five
930 1813 1125 1897 reparare3
1144 1805 1191 1870 ut
1212 1787 1258 1868 fit
1277 1787 1364 1871 sen·
1409 1778 1412 1785 ’

330 1907 414 2023 sus,
444 1907 580 2019 fiquis
602 1924 715 2018 putet
737 1906 918 1991 homines
948 1937 1033 1991 non
1060 1911 1175 1994 bonae
1203 1909 1363 2010 indolis,

327 2028 542 2142 postquam
577 2024 723 2112 bonam
759 2027 868 2113 nadii
899 2032 991 2114 sunt
1023 2031 1362 2131 informationem,

328 2180 415 2234 non
438 2150 541 2262 polle
568 2151 681 2235 illum
701 2144 898 2236 defedtum
921 2147 1111 2255 resarcire,
1135 2182 1226 2238 eum
1245 2157 1365 2266 longe

313 2301 352 2355 a
371 2269 562 2373 sententia
580 2301 718 2355 errare.
744 2274 747 2279 ’
776 2272 991 2387 Wsthustus.

382 2395 601 2506 Hesychius
630 2425 678 2479 ex
705 2399 874 2481 Vulcob.
894 2401 995 2482 Cod.
1024 2399 1145 2482 edidit
1173 2393 1364 2508 urudupeeu,

326 2520 440 2602 nullo
460 2520 577 2628 plane
596 2516 720 2600 sensu.
758 2519 839 2600 Alii
857 2519 1008 2599 habent
1034 2524 1225 2615 avenacea,
1238 2523 1242 2530 '
1256 2514 1369 2628 quod

329 2660 465 2722 tamen
485 2639 528 2719 in
547 2640 661 2719 nullo
680 2639 826 2721 Codice
846 2637 1045 2747 repertum
1066 2640 1158 2733 fuit.
1205 2643 1367 2726 Frustra

328 2761 526 2848 torserunt
546 2758 585 2856 se¹
610 2756 653 2841 in
672 2759 868 2861 hocloco
892 2755 1120 2843 extricando
1139 2789 1276 2847 omnes
1295 2770 1364 2848 In-

327 2901 515 2995 terpretes
524 2922 536 2980 3
553 2909 672 2993 quem
690 2881 834 2965 iterum
851 2883 1301 2996 tentavit'Heufingerus
1321 2889 1366 3000 in

327 3001 484 3101 Libello
502 3003 714 3110 Animadv.
745 3008 792 3086 ad
822 3007 1023 3089 Plutarch.
1046 3008 1093 3088 de
1113 3010 1362 3110 Discrimine,

326 3124 472 3213 inserto
500 3124 665 3210 Miscell.
695 3126 799 3237 Lipt
828 3124 978 3211 Noviff.
999 3134 1121 3211 Tom.
1143 3136 1194 3213 X.
1212 3162 1252 3244 p.
1269 3140 1364 3243 296.

327 3254 429 3334 -8.
449 3248 511 3332 sed
531 3251 644 3333 nullo
665 3248 844 3333 socceffu.
903 3251 1066 3362 Optime
1088 3256 1284 3339 Gesnerus
1314 3259 1365 3340 ad

328 3373 486 3486 Orphei
501 3372 819 3481 Argonauticon,
841 3402 882 3457 v.·
902 3403 1018 3457 1202.
1038 3376 1108 3484 qui
1128 3377 1277 3476 docuit,
1295 3410 1363 3482 ex,-

323 3499 457 3607 emplo
486 3497 564 3578 alio
598 3524 645 3578 ex
674 3495 854 3578 Lucieno
883 3497 1018 3591 allato,
1048 3495 1241 3615 avalpapev
1268 3497 1363 3598 cum

326 3617 545 3703 accusativo
562 3619 638 3700 dici
657 3646 732 3728 pro
748 3619 953 3700 emendare
969 3636 1187 3726 peccatum,
1206 3617 1364 3729 sumpta

327 3735 408 3825 fine
435 3738 558 3831 dubio
587 3740 751 3822 notione
780 3736 1057 3823 acursoribus.
1113 3740 1215 3821 Vide
1243 3742 1363 3837 etiam

325 3891 417 3974 quae
438 3860 539 3943 'dixi
576 3862 618 3964 in
656 3863 836 3968 Periculo
866 3862 910 3945 in
940 3861 1171 3958 Pindarum,
1205 3890 1245 3972 p.
1274 3859 1363 3951 118.

325 3985 530 4078 Schneider.
570 4084 573 4089 Ι
653 4069 656 4076 ,

382 4108 498 4190 Nihil
519 4106 566 4187 ad
588 4133 669 4208 rem
690 4108 859 4215 pertinet
879 4104 1030 4217 Orphei
1048 4103 1172 4188 locus.
1212 4109 1363 4192 Vulco-

327 4225 419 4313 bius
439 4231 507 4311 dat
521 4225 708 4337 avulapar
730 4231 835 4312 unde
852 4225 1038 4311 facillime
1053 4228 1221 4342 exsculpi
1237 4234 1365 4345 potest

328 4349 580 4443 ΑΝΑΛᾹΒΕΙΝ.
609 4347 762 4436 oenim
792 4372 877 4530 etp
897 4350 993 4466 laepe
1009 4379 1036 4436 a
1052 4351 1238 4449 Librariis
1266 4382 1366 4469 cong
