3667 5650
455 1487 1326 1624 PRAEFATIO.

493 2006 702 2086 FFERO
721 1999 809 2098 tibi,
829 1999 885 2084 mi
908 1998 1066 2099 Lector,
1094 1998 1204 2084 hunc
1223 1995 1415 2082 eximium

494 2138 697 2226 Plutarchi
710 2137 904 2240 libellum,
918 2152 1038 2224 “non
1051 2143 1211 2252 qualem
1223 2136 1417 2237 volui,sed

371 2280 534 2393 qualem
554 2274 710 2387 potui.’'
737 2279 843 2360 Cum
858 2275 981 2374 enim,
1004 2274 1158 2386 aliquot
1177 2292 1269 2360 ante
1285 2273 1416 2375 annis,

372 2413 541 2528 Episcopi
559 2410 825 2521 Gloccstrierfis,
855 2427 954 2496 tunc
983 2409 1174 2522 temporis
1195 2405 1419 2495 Academiae

374 2551 516 2635 nostrae
532 2546 848 2643 Procancellarii‚
866 2546 1030 2630 hortatu
1044 2544 1197 2654 integra
1216 2539 1420 2628 Plutarchi
1489 2588 1494 2604 ι

376 2682 578 2792 Opuscula
597 2679 848 2762 Miscellanea
868 2680 911 2762 in
925 2706 989 2761 me
1002 2679 1151 2758 edenda
1168 2676 1419 2786 susceperam,

377 2841 499 2930 atque
541 2813 636 2900 huic
681 2812 894 2925 plusquam
944 2814 1145 2897 Herculeo
1193 2812 1320 2897 labori
1355 2842 1420 2899 me

375 2955 532 3039 strenue
579 2948 824 3033 accinxeram
833 2950 1056 3046 5—statirn
1102 2975 1177 3061 pro
1214 2950 1420 3061 explorato

377 3088 515 3185 habui,
546 3088 586 3170 id
605 3087 715 3196 quod
737 3104 852 3168 antea
876 3113 940 3169 me
958 3088 1178 3171 docuerant
1197 3085 1420 3199 probatissi-

378 3223 436 3309 mi
469 3220 687 3333 scriptores,
719 3219 822 3304 nihil
849 3221 893 3304 in
922 3222 1000 3306 hoc
1027 3250 1170 3331 genere
1199 3220 1421 3335 perfestum

379 3379 501 3469 atque
521 3354 963 3454 absolutum—immo
983 3357 1099 3459 nihil,
1129 3363 1238 3472 quod
1260 3357 1420 3471 reipub·
1511 3454 1513 3458 ,

381 3495 468 3579 licae
488 3488 669 3577 literariae
687 3490 748 3572 vel
777 3490 946 3576 minima
963 3519 1011 3576 ex
1039 3511 1150 3606 parte
1170 3491 1421 3592 satisfaceret,

382 3658 406 3714 a
425 3654 487 3712 rne
507 3627 549 3711 in
571 3630 699 3709 lucem
730 3625 899 3737 proferri
925 3626 1044 3741 posse,
1074 3627 1146 3713 nisi
1167 3626 1280 3712 novis
1299 3626 1424 3711 Codi-

382 3789 477 3847 cum
506 3764 622 3846 Mss.
655 3760 936 3847 collationibus
967 3762 1160 3847 instrusta
1188 3760 1311 3846 suerit
1338 3762 1423 3847 haec

382 3901 516 3999 nostra
535 3899 746 3983 Editio-
757 3899 841 3985 Ubi
858 3930 951 3987 vero
967 3902 1053 4014 post
1069 3899 1193 3983 varias
1209 3901 1425 4013 longasque

384 4065 518 4125 moras
554 4036 664 4153 (licet
691 4066 770 4151 pro.
795 4038 865 4124 sua
892 4037 1169 4127 munificentia
1198 4040 1426 4126 Academici

383 4174 483 4289 preli
502 4190 701 4257 curatores
718 4173 899 4289 sumptus
914 4176 958 4259 in
974 4177 1077 4259 hanc
1096 4203 1179 4259 rem
1198 4175 1425 4289 impendere

384 4306 460 4395 sese
497 4307 758 4424 paratissimos
791 4311 1074 4418 ostenderent)
1112 4312 1226 4395 nulla
1260 4312 1425 4400 tandem

385 4444 619 4576 suppetebat
635 4445 750 4569 ratio,
769 4473 852 4561 qua
869 4448 1038 4550 istarum
1059 4448 1269 4551 Codicum,
1287 4448 1361 4561 qui
1380 4445 1425 4531 in
